2966 5090
292 319 372 363 xvnr
657 303 903 363 Pnomccucnc.
929 302 1002 363 orn.
1021 302 1045 361 I.

360 490 391 567 9)
409 487 477 563 Quo
495 485 623 560 accedit,
641 486 723 563 quod
739 485 890 546 vindictae
905 486 944 544 de
959 485 1096 564 Assyriis
1112 486 1273 546 sumendae
1288 484 1399 546 instru-

293 578 491 649 menta'nullo
508 587 598 646 modo
616 591 670 645 bec
686 585 878 646 nominantur
893 606 989 664 neque
1011 586 1113 664 aliquo
1135 586 1332 662 indigitant'ur
1353 585 1399 645 iu·

293 692 387 762 diei03
405 691 462 748 boc
479 689 575 748 solum
592 687 708 746 videtur
724 688 856 759 moneri,
874 707 934 746 non
950 689 989 746 ab
1008 687 1185 764 Aegyptiis¹
1202 686 1315 746 Ninum
1332 686 1399 744 iore

293 810 436 852 aversam.
487 789 612 846 Etcum
629 808 665 846 ea
680 788 743 847 iere
760 789 972 848 consuetudine
989 806 1090 848 omues
1108 787 1247 865 deinceps
1269 786 1398 862 propbe-

293 901 342 951 tae
358 889 581 962 contineantur,
606 897 640 948 ut
663 881 723 967 quo
747 889 872 966 propius
893 888 994 950 absint
1015 890 1053 947 ab
1071 888 1225 948 eventibus
1241 885 1398 948 vaticinio·

292 1011 374 1062 rum,
400 1008 435 1048 eo
464 989 632 1049 distinctius
658 999 748 1068 atque
764 989 951 1067 expressius,
975 988 1062 1049 sicuti
1080 988 1197 1061 omnia,
1221 988 1265 1048 ita
1287 970 1427 1057 instra-q

292 1089 393 1148 menta
408 1107 529 1167 quoque
545 1089 666 1148 divinae
681 1089 845 1148 voluntatis
861 1089 1046 1161 describant,
1070 1107 1130 1148 non
1149 1097 1263 1148 temere
1279 1087 1399 1146 conclu·

205 1213 210 1230 =
292 1191 410 1262 demus,
432 1188 565 1249 Nahumi
590 1191 742 1248 oraculum
765 1189 840 1248 satis
863 1189 913 1246 diu
937 1195 1002 1248 esse
1027 1189 1211 1248 enuntiatum
1236 1197 1399 1265 autequam

292 1289 430 1348 eveniret.
456 1290 545 1349 Hauc
567 1299 665 1348 autem
686 1289 832 1348 rationem
858 1289 932 1349 satis
954 1295 1075 1365 gravem
1098 1289 1187 1365 plane
1203 1289 1401 1366 neglexerunt

290 1387 448 1449 Eunomus
473 1389 700 1464 etH1rzroru8‚
725 1390 795 1468 qui,
820 1402 962 1466 quantum
985 1397 1089 1466 posset
1110 1390 1175 1449 fieri
1196 1389 1334 1465 proxime
1358 1390 1399 1448 ab

293 1487 401 1550 eventu
429 1491 642 1562 constiterunt3
674 1509 800 1568 quorum
830 1490 1006 1550 sententiam
1034 1491 1102 1549 ideo
1130 1509 1249 1567 quoque
1272 1507 1400 1566 prorsus

291 1591 520 1666 improbandam
538 1610 704 1665 censemus,
728 1591 811 1670 quod
833 1592 980 1650 humanae
1002 1591 1081 1650 vatis
1103 1592 1192 1650 menti
1218 1599 1308 1668 atque
1324 1589 1400 1648 deli·

292 1691 438 1751 berationi
455 1693 578 1752 nimium
591 1693 737 1764 tribuunt;
755 1693 787 1752 id
806 1692 887 1769 quod
904 1692 1055 1768 expressis
1071 1693 1204 1750 Ewatm
1221 1691 1320 1750 verbis
1336 1689 1400 1749 illis

293 1794 536 1869 comprobatur„
547 1793 656 1872 quibus
673 1793 903 1868 disputationem
922 1810 1007 1851 suam
1023 1792 1189 1852 inchoavit:
1213 1792 1282 1864 „die
1299 1789 1401 1848 Weis-

292 1907 409 1966 sagung
421 1909 517 1950 muss
531 1891 622 1948 durch
634 1892 690 1948 den
701 1892 871 1967 Kriegszug
883 1891 1046 1967 mdcbtiger
1058 1892 1171 1950 Feinde
1183 1910 1276 1968 gagen
1285 1889 1401 1950 Ninive

290 1990 458 2048 veranlasst
475 1989 583 2060 sein;“
602 2008 637 2047 ac
654 1990 723 2048 licet
740 1991 901 2048 addiderim
919 1990 988 2062 „die
999 1989 1232 2067 Schilderungen
1249 2009 1308 2048 vou
1320 1992 1401 2048 Ero·

290 2090 404 2164 berung
420 2088 481 2146 und
497 2089 690 2164 Plunderung
707 2089 846 2148 Nineve's
864 2090 930 2148 sind
947 2108 1039 2163 zvar,
1066 2109 1100 2148 so
1118 2090 1175 2148 wie
1192 2090 1235 2149 sie
1252 2089 1316 2147 hier
1333 2100 1401 2148 eut·
1468 2103 1469 2126 ³

290 2189 404 2247 worien
421 2188 556 2262 werden,
575 2207 641 2248 aus
657 2189 737 2246 rein
755 2189 1055 2265 prophetiscber
1071 2190 1328 2264 Ausobauung
1345 2205 1400 2264 ge·
1468 2255 1469 2272 χ

289 2285 427 2347 flossen“
445 2321 482 2332 —-
500 2288 662 2360 tamarid,
680 2290 761 2365 quod
778 2289 900 2365 proprie
917 2289 974 2348 dici
991 2289 1078 2348 debet
1090 2289 1311 2367 propheticum,
1329 2288 1400 2346 fun·

289 2388 369 2448 ditus
392 2389 526 2462 sustulit,
552 2407 618 2446 cnm
641 2397 844 2448 asseveraret:
876 2389 988 2462 „allein
1011 2390 1106 2449 soviel
1127 2389 1206 2466 raige
1232 2388 1279 2448 die
1301 2405 1398 2464 gaure

289 2485 426 2564 Haltung
448 2488 501 2547 der
517 2489 731 2565 wciaagung,
755 2489 826 2548 dass
849 2490 895 2548 ein
919 2489 1085 2548 drobcnder
1107 2488 1277 2566 Kriegszug
1301 2505 1396 2565 gegen

287 2587 397 2648 Ninive
414 2589 565 2648 bereits
582 2588 622 2646 in
639 2589 1013 2666 vollerThdtigkeit
1028 2608 1118 2664 war,
1132 2589 1208 2649 ‘dass
1221 2589 1268 2646 die
1282 2586 1395 2648 Greua·
1467 2601 1468 2605 ’

287 2689 444 2766 festungen
466 2691 560 2748 sebon
586 2689 721 2761 fialen,
746 2700 784 2748 ct.
802 2699 857 2762 ct,
881 2689 942 2748 und
966 2709 1036 2748 nur
1059 2690 1108 2749 die
1131 2691 1205 2763 Art,
1231 2689 1288 2748 ivis
1312 2688 1393 2748 dicre

288 2787 436 2848 sicb'tbare
453 2786 569 2847 Gefabr
584 2787 626 2846 im
642 2787 830 2848 Verhdltniss
852 2809 890 2846 an
912 2789 968 2848 den
985 2789 1099 2866 ewigen
1116 2790 1310 2858 Wabrbeiten
1327 2789 1392 2846 auf·

199 2959 204 2968 ¹
288 2888 402 2962 gefasst
423 2887 517 2958 wird,
548 2887 588 2944 ist
618 2887 672 2944 das
696 2885 852 2962 uigentlieb
874 2887 1121 2962 Prophetiscbe.“
1154 2891 1237 2966 Ergo
1261 2888 1394 2948 Nahumi

287 2985 457 3042 vaticinium
484 3003 543 3041 non
569 2982 685 3042 videtur
709 3003 727 3043 a
750 2986 865 3046 visione
888 2989 1079 3062 repetendum
1105 2990 1246 3048 divinitus
1263 2989 1395 3050 excitata

287 3080 711 3159 atque-moderata(cfr.1,1
739 3097 813 3160 mn
844 3083 934 3167 nno),
953 3088 1005 3146 sed
1023 3088 1096 3149 nihil
1113 3099 1159 3150 est
1176 3109 1266 3168 quam
1279 3123 1316 3134 -
1329 3107 1394 3150 car·

286 3201 353 3242 men
370 3182 561 3242 didacticum!
579 3215 616 3226 -
1458 3179 1459 3190 ’

336 3285 400 3342 Iam
430 3301 500 3342 vero
532 3283 676 3359 temporis
705 3285 821 3344 notatio
846 3286 914 3359 illa,
946 3306 1035 3364 quam
1059 3289 1148 3348 modo
1173 3290 1392 3368 indagavimus,

286 3393 470 3459 quantopere
486 3383 551 3442 cum
569 3383 708 3444 universa
724 3384 856 3444 vaticinii
873 3385 973 3446 indole
987 3389 1141 3462 concinat,
1166 3390 1321 3450 confestim
1339 3409 1392 3466 ap-

285 3483 417 3558 parebit,
434 3483 487 3542 ubi
502 3503 602 3542 rerum
612 3483 801 3546 Iudaicarum
817 3495 927 3548 statum
945 3496 1037 3564 atque
1052 3490 1251 3550 conditionem
1269 3491 1391 3568 diligen·
1447 3479 1451 3487 ⁸

286 3582 344 3642 tius
360 3583 613 3660 descripserimus.

336 3773 361 3834 1)
384 3774 533 3826 Thebarum
550 3777 722 3840 expugnatio,
745 3777 800 3840 111,
818 3794 841 3827 v.
855 3780 949 3830 8-10
972 3788 1184 3844 commemorata,
1208 3783 1242 3833 ad
1266 3782 1390 3848 indagan-

283 3856 344 3909 dam
355 3857 471 3908 Nabumi
488 3864 601 3908 aetatem
617 3858 682 3908 nibil
699 3860 944 3928 pertinere-'potem
962 3866 1042 3916 missa
1054 3867 1121 3915 euim
1134 3867 1302 3932 interpretum
1314 3869 1389 3931 longe

282 3941 450 4004 plurimorum
467 3943 601 4006 opinione,
620 3957 672 3992 nou
689 3951 876 4007 praeteractam
895 3948 1007 4011 aliquam
1025 3948 1112 4000 afferri
1128 3951 1240 4016 cladem,
1259 3953 1305 4002 sed
1317 3966 1388 4017 prae-

281 4024 331 4073 dici
349 4024 462 4076 futuram
480 4027 656 4076 existimamus
662 4045 669 4090 ς
687 4027 714 4076 id
732 4029 802 4092 quod
819 4031 953 4081 luculentis
972 4037 1127 4097 argumentis
1146 4037 1326 4100 comprobasse
1344 4051 1386 4084 no·

281 4107 320 4155 bis
337 4108 455 4160 videmur
472 4125 496 4173 p.
506 4111 578 4162 98-
587 4115 644 4163 10⁶2.
833 4121 835 4124 ’

733 4283 934 4293 m
