2966 5090
408 313 433 390 ξ’.
452 316 478 372 2.
506 312 557 371 Dr
576 328 703 375 omorun
722 310 863 372 Nurum.
1171 334 1189 372 v

73 499 242 576 (Assum),
262 496 309 556 vol
327 497 416 556 etiam
434 518 453 556 a
471 498 612 557 tarditate
628 496 774 556 vindictae
791 496 873 575 (all.)
890 531 925 540 -
944 497 1033 576 longe
1045 499 1188 574 plurimo-

73 621 142 659 rum
168 609 229 658 tam
257 598 436 658 nostratium
462 618 552 676 quam
579 605 711 658 veterum
736 618 784 656 vv.
803 598 852 656 dd.
876 598 1024 658 sublevati
1042 618 1190 662 consensu

74 701 234 778 (equibus
253 720 281 759 v.
300 717 325 758 c.
344 699 495 758 afferimus
513 700 550 758 n.
569 698 765 760 Ssuouounu
781 699 909 772 lurum,
936 700 987 775 qui
1009 700 1188 760 affimavit:

73 818 146 867 nutv
166 808 215 861 nui
239 817 297 858 nun
319 793 419 878 'p'irr),
444 801 601 860 confestim
626 800 666 858 ad
688 799 896 876 gravissimam
924 801 1129 878 quaestionem
1152 803 1190 861 de

77 903 140 963 situ
156 901 256 962 Elcesi
272 899 485 959 instituendam
503 911 698 962 transeamus.

130 1001 246 1062 Nostra
263 1002 408 1060 memoria
424 1003 454 1060 in
472 1004 546 1062 duas
573 1002 695 1060 omniuo
717 1010 818 1077 partes
844 1001 980 1060 abierunt
1001 1002 1188 1080 interpretes.

76 1104 144 1162 Alii
166 1104 248 1180 iique
271 1111 301 1160 et
322 1101 413 1179 longe
435 1103 556 1179 plurimi
584 1111 614 1162 et
646 1101 855 1162 vetustissimis
887 1101 980 1160 adiuti
1011 1104 1189 1164 testimoniis

74 1205 180 1262 locum
202 1205 334 1262 interra
358 1221 445 1262 sacra
468 1204 668 1282 quaerendum
691 1203 880 1276 existimant,
911 1203 962 1262 elii
992 1203 1023 1262 in
1047 1206 1187 1283 Assyria,

75 1305 160 1363 haud
177 1303 281 1380 procul
299 1303 336 1361 ab
358 1304 427 1380 ipsa
443 1304 526 1364 Nino
533 1326 541 1377 3
566 1306 605 1364 ab
627 1305 684 1364 huc
705 1313 793 1380 parte
814 1303 1011 1364 constiterunt
1027 1305 1188 1366 Ercunon·

76 1422 151 1464 ruus
167 1404 282 1464 Introd.
300 1404 327 1480 ᾖ.
341 1407 407 1477 385,
425 1407 450 1464 Ι.
468 1407 509 1464 D.
526 1406 717 1477 incurerre,
737 1403 917 1477 Garumna,
941 1404 1071 1464 Hnrzun
1086 1407 1187 1466 Bibal-

79 1507 162 1564 werk
176 1507 246 1578 VII,
258 1525 288 1580 p.
304 1509 363 1579 175,
378 1507 554 1579 Ewsrnms,
569 1507 690 1565 Rrrrnn
702 1505 867 1564 Erdkunde
880 1506 939 1565 vol.
952 1505 1009 1578 IX,
1027 1525 1057 1582 p.
1071 1511 1121 1565 742
1135 1527 1187 1579 ss,

77 1607 219 1666 Tucnrus
237 1624 344 1664 comm.
363 1606 400 1665 de
417 1606 498 1665 Nino
517 1607 603 1680 urbe,
622 1607 751 1666 anuu
769 1605 905 1665 Nineveh
923 1626 953 1682 p.
969 1611 1017 1664 125
1036 1627 1075 1666 ss.
1120 1610 1188 1684 Age

79 1708 232 1785 utriusque
247 1707 442 1766 fundamenta
458 1722 488 1767 et
504 1717 680 1784 argumenta
697 1706 901 1766 examinemus
918 1705 1098 1782 diligentius.

131 1808 157 1866 1.
182 1809 313 1869 Eikosch
338 1808 431 1868 fuisse
456 1809 494 1867 in
516 1809 745 1869 Palaestina
767 1807 856 1867 situm
882 1808 911 1885 t)
934 1807 1032 1882 primo
1055 1807 1123 1867 loco
1148 1827 1185 1868 ex

79 1908 258 1984 antiquitate
281 1910 519 1968 testimoniorum
540 1918 633 1985 patet.
658 1908 798 1968 Tradidit
822 1908 901 1966 enim
923 1907 1133 1968 Hmnouruus
1155 1909 1186 1967 in

77 2028 217 2086 prooem:
236 2053 272 2082 „.
286 2051 293 2067 .
309 2052 338 2069 ..
357 2030 423 2069 cum
437 2011 593 2070 Helcesaei
610 2010 674 2087 (all.
692 2009 847 2083 Helcesei,
861 2009 974 2086 Elcesi)
988 2029 1081 2088 usque
1097 2011 1187 2069 hodie

77 2112 115 2168 in
141 2109 319 2170 Galilaea
343 2111 494 2170 viculus
518 2112 583 2184 sit,
611 2131 723 2187 parvus
741 2111 860 2190 quidem
878 2120 908 2170 ct
925 2110 976 2169 vix
995 2112 1089 2171 ruinis
1106 2120 1185 2171 vete·

76 2232 142 2270 rum
164 2211 367 2271 aedificiorum
392 2213 526 2271 indicans
544 2212 685 2290 vestigia,
710 2213 763 2272 sed
785 2221 884 2272 tamen
901 2219 1013 2271 notus
1030 2211 1185 2272 Iudaeis

77 2314 212 2372 etmihi
236 2332 356 2391 quoque
372 2334 391 2372 a
407 2314 640 2372 circumducente
664 2317 927 2374 monstratus“
941 2312 959 2370 ¹.
986 2310 1075 2386 Quod
1103 2314 1184 2374 testi-

77 2415 209 2473 monium
226 2415 289 2475 eius
305 2415 380 2488 viri,
399 2415 451 2492 qui
467 2415 498 2473 in
516 2414 583 2490 ipsa
595 2422 676 2474 terra
689 2435 775 2474 sacra
788 2415 922 2486 vivebat,
940 2411 1071 2473 (limma
1081 2415 1184 2474 Anax.

76 2509 270 2575 confirmatur
293 2516 407 2588 verbis,
432 2515 484 2593 qui
509 2516 613 2574 eodem
635 2515 698 2574 fere
721 2524 853 2590 tempore
871 2515 908 2572 de
925 2532 954 2570 v.
969 2499 1110 2574 Ἐλκεσὲ
1130 2514 1185 2570 do·

78 2617 154 2675 cuit:
174 2605 293 2698 ,,κώμη
323 2609 361 2676 δὲ
389 2607 474 2696 αὕτη
502 2605 634 2686 πάντως
657 2633 725 2688 που
750 2611 811 2693 τῆς
834 2603 1013 2670 Ἰουδαίων
1038 2602 1185 2694 χώρας.“

81 2716 150 2791 Quo
166 2715 317 2776 addendus
335 2718 423 2776 etiam
441 2716 558 2775 videtur
575 2716 746 2786 EusnuruS,
766 2713 865 2792 quiin
887 2710 1082 2772 Onomastico
1100 2709 1132 2772 S.
1152 2710 1184 2772 S.

76 2819 150 2876 nihil
168 2819 286 2897 quidem
303 2819 393 2876 habet
406 2825 524 2894 praeter
536 2817 623 2876 haece
652 2802 827 2892 ,,Ἔλκεσέ,
860 2803 943 2873 ὅθεν
966 2805 1033 2876 ,καὶ
1063 2809 1184 2890 Ναοῦμ

76 2909 342 2992 ὃΕλκεσαῖυς,“
366 2928 481 2991 tamen,
512 2918 538 2977 si
561 2918 643 2976 vicus
668 2935 728 2976 non
746 2917 852 2977 fuisset
869 2915 899 2974 in
917 2914 1109 2986 Palaestina,
1133 2915 1186 2974 sed

77 3021 108 3078 in
125 3021 257 3098 Assyria
274 3021 364 3092 situs,
381 3020 482 3079 nescio
500 3039 538 3077 an
557 3027 699 3078 notasset.

125 3123 244 3180 Eodem
261 3121 323 3179 fere
339 3121 378 3180 ab
395 3121 462 3180 aliis
479 3120 613 3179 ducimur
630 3119 816 3191 auctoribuS,
836 3119 952 3178 etiamsi
970 3119 1067 3176 minor
1084 3137 1185 3177 eorum

74 3225 213 3284 videatur
239 3223 373 3299 gravitas
403 3241 476 3282 esse.
512 3219 862 3300 Psnuno·Douornnus
892 3221 928 3278 de
951 3219 1079 3296 prophh.
1106 3218 1186 3292 „Hic

133 3434 159 3496 1)
177 3433 257 3484 Cuius
275 3433 413 3482 testimonii
432 3431 484 3480 viru
501 3430 641 3500 intringere
659 3430 709 3480 sibi
727 3430 862 3480 videbatur
880 3427 1020 3490 Graculus,
1042 3443 1099 3478 cum
1122 3425 1187 3478 thes.

75 3537 99 3570 a.
120 3536 144 3570 v.
170 3524 343 3568 asseveraret:
368 3515 526 3578 „Crederem
544 3516 656 3578 homini,
682 3517 704 3564 si
728 3516 810 3566 vicum
833 3513 914 3564 Elkos
936 3520 1117 3576 monstrasset,
1141 3513 1188 3562 sed

73 3605 188 3655 viculum
205 3603 298 3652 Escssr
315 3603 354 3665 (ut
370 3608 431 3650 tunc
447 3601 533 3664 legere
546 3599 664 3650 solebant
681 3586 783 3666 tmpore
808 3598 934 3648 defective
956 3598 1092 3663 scriptum)
1113 3613 1186 3648 mon·

72 3691 168 3740 atr-anti
185 3703 238 3738 non
257 3688 339 3752 magis
357 3686 447 3748 credo,
469 3699 546 3749 quam
563 3669 716 3750 mystagogo
734 3684 901 3743 nostratium,
923 3683 967 3746 qui
988 3683 1124 3747 peregrino
1141 3682 1187 3732 ho·

72 3776 138 3824 mini
157 3773 303 3838 germanice
321 3786 374 3820 non
394 3769 532 3821 admodum
550 3769 627 3821 docto
642 3768 674 3820 de
687 3769 781 3834 oppido
799 3767 988 3829 Hallieche,
1004 3767 1188 3817 Hellenser

73 3857 233 3918 sciscitanti,
250 3872 283 3906 ne
300 3855 364 3919 quid
381 3857 515 3919 ignorasse
532 3855 676 3915 videretur,
697 3855 836 3904 'confestim
854 3853 937 3904 vicum
955 3852 1108 3917 oppidumve
1125 3865 1187 3914 pro·

71 3947 174 3994 ximum
192 3942 313 4006 quodque
332 3940 488 3990 ostenderet
522 3939 630 3988 Minime
654 3945 749 3990 certam
773 3939 806 3988 de
828 3951 860 3988 eu
884 3951 912 3986 re
935 3938 1053 3986 extitisse
1069 3937 1187 3988 traditio-

72 4045 147 4089 nem,
172 4028 215 4078 vel
238 4043 269 4076 ex
292 4026 442 4076 diversitate
460 4025 515 4074 eius
534 4023 665 4089 apparet.“
685 4027 722 4074 At
739 4025 823 4074 miuus
841 4029 937 4072 temere
953 4021 1092 4072 iudicasset
1110 4037 1133 4070 v.
1152 4021 1188 4083 d,

71 4115 152 4164 modo
172 4113 282 4163 diversis
300 4112 414 4162 nominis
432 4109 616 4175 pronuntiandi
639 4109 723 4158 modis
748 4115 824 4170 atque
848 4107 948 4158 traditis
971 4121 988 4156 a
1009 4107 1137 4156 veteribus
1155 4106 1188 4155 de

74 4201 125 4248 situ
144 4199 199 4246 eius
217 4197 381 4260 opinionibus
399 4196 521 4259 quidnam
540 4194 681 4244 subiectum
700 4199 767 4241 esset
784 4207 931 4254 commuue,
956 4192 1092 4254 diligenter
1113 4205 1187 4254 repu-

75 4285 198 4346 tavisset;
226 4290 255 4332 ut
277 4282 395 4332 omittam
413 4281 608 4344 Hieronymum,
627 4281 670 4342 qui
689 4278 830 4327 maximam
848 4279 916 4329 vitae
934 4276 1078 4340 partemin
1097 4274 1188 4326 Palae·

77 4369 148 4418 stina
166 4367 249 4430 degit,
269 4369 312 4417 rix
332 4367 467 4430 peregrino
487 4365 561 4414 alicui
578 4365 660 4414 Halcs
675 4363 874 4426 praetervolanti
887 4358 1187 4424 luissecomparandum.
