<?xml version="1.0" encoding="UTF-8"?>
<!DOCTYPE html PUBLIC "-//W3C//DTD XHTML 1.0 Transitional//EN"
    "http://www.w3.org/TR/xhtml1/DTD/xhtml1-transitional.dtd">
<html xmlns="http://www.w3.org/1999/xhtml" xml:lang="en" lang="en">
 <head>
  <title>
</title>
<meta http-equiv="Content-Type" content="text/html;charset=utf-8" />
  <meta name='ocr-system' content='tesseract 3.04.00' />
  <meta name='ocr-capabilities' content='ocr_page ocr_carea ocr_par ocr_line ocrx_word'/>
</head>
<body>
  <div class='ocr_page' id='page_1' title='image "./nahumideninovat00stragoog/nahumideninovat00stragoog_0171.png"; bbox 0 0 2918 5098; ppageno 0'>
   <div class='ocr_carea' id='block_1_1' title="bbox 316 275 1022 353">
    <p class='ocr_par' dir='ltr' id='par_1_1' title="bbox 316 275 1022 353">
     <span class='ocr_line' id='line_1_1' title="bbox 316 275 1022 353; baseline -0.016 -5"><span class='ocrx_word' id='word_1_1' title='bbox 316 275 364 348; x_wconf 74' lang='lat'><strong>82</strong></span> <span class='ocrx_word' id='word_1_2' title='bbox 713 279 788 342; x_wconf 68' lang='lat' dir='ltr'><strong>Car.</strong></span> <span class='ocrx_word' id='word_1_3' title='bbox 800 279 846 353; x_wconf 88' lang='grc' dir='ltr'><strong>ΙΙ,</strong></span> <span class='ocrx_word' id='word_1_4' title='bbox 865 301 895 342; x_wconf 68' lang='lat' dir='ltr'><strong>vu</strong></span> <span class='ocrx_word' id='word_1_5' title='bbox 909 283 970 343; x_wconf 76' lang='lat' dir='ltr'><strong>tt—</strong></span> <span class='ocrx_word' id='word_1_6' title='bbox 981 285 1022 338; x_wconf 87' lang='grc'><strong>14.</strong></span> 
     </span>
    </p>
   </div>
   <div class='ocr_carea' id='block_1_2' title="bbox 264 464 1438 1656">
    <p class='ocr_par' dir='ltr' id='par_1_2' title="bbox 264 464 1438 1656">
     <span class='ocr_line' id='line_1_2' title="bbox 315 464 1410 546; baseline -0.003 -18"><span class='ocrx_word' id='word_1_7' title='bbox 315 485 406 546; x_wconf 84' lang='lat' dir='ltr'><strong>qnam</strong></span> <span class='ocrx_word' id='word_1_8' title='bbox 422 465 580 542; x_wconf 87' lang='lat' dir='ltr'><strong>colligere,</strong></span> <span class='ocrx_word' id='word_1_9' title='bbox 605 482 710 526; x_wconf 79' lang='lat' dir='ltr'><strong>sensum</strong></span> <span class='ocrx_word' id='word_1_10' title='bbox 727 472 789 526; x_wconf 85' lang='lat' dir='ltr'><strong>est:</strong></span> <span class='ocrx_word' id='word_1_11' title='bbox 812 464 904 524; x_wconf 85' lang='lat' dir='ltr'><strong>facies</strong></span> <span class='ocrx_word' id='word_1_12' title='bbox 922 464 1125 526; x_wconf 85' lang='lat' dir='ltr'><strong>subducuntur</strong></span> <span class='ocrx_word' id='word_1_13' title='bbox 1142 465 1268 536; x_wconf 86' lang='lat' dir='ltr'><strong>rubore;</strong></span> <span class='ocrx_word' id='word_1_14' title='bbox 1291 464 1410 525; x_wconf 82' lang='lat' dir='ltr'><strong>diximus</strong></span> 
     </span>
     <span class='ocr_line' id='line_1_3' title="bbox 315 565 1411 644; baseline -0.004 -14"><span class='ocrx_word' id='word_1_15' title='bbox 315 578 415 630; x_wconf 64' lang='lat' dir='ltr'><strong>umen</strong></span> <span class='ocrx_word' id='word_1_16' title='bbox 431 567 628 644; x_wconf 86' lang='lat' dir='ltr'><strong>pallescentes</strong></span> <span class='ocrx_word' id='word_1_17' title='bbox 645 566 746 642; x_wconf 84' lang='lat' dir='ltr'><strong>potius</strong></span> <span class='ocrx_word' id='word_1_18' title='bbox 763 585 836 642; x_wconf 89' lang='lat' dir='ltr'><strong>prae</strong></span> <span class='ocrx_word' id='word_1_19' title='bbox 852 574 934 625; x_wconf 86' lang='lat' dir='ltr'><strong>metu</strong></span> <span class='ocrx_word' id='word_1_20' title='bbox 951 565 1076 643; x_wconf 82' lang='lat' dir='ltr'><strong>cogitari</strong></span> <span class='ocrx_word' id='word_1_21' title='bbox 1093 565 1195 624; x_wconf 85' lang='lat' dir='ltr'><strong>vultus</strong></span> <span class='ocrx_word' id='word_1_22' title='bbox 1215 585 1303 643; x_wconf 86' lang='lat' dir='ltr'><strong>quam</strong></span> <span class='ocrx_word' id='word_1_23' title='bbox 1320 569 1411 626; x_wconf 88' lang='lat' dir='ltr'><strong>erube-</strong></span> 
     </span>
     <span class='ocr_line' id='line_1_4' title="bbox 314 667 1410 745; baseline -0.005 -13"><span class='ocrx_word' id='word_1_24' title='bbox 314 677 445 740; x_wconf 76' lang='lat' dir='ltr'><strong>scentes3</strong></span> <span class='ocrx_word' id='word_1_25' title='bbox 480 687 573 745; x_wconf 87' lang='lat' dir='ltr'><strong>quare</strong></span> <span class='ocrx_word' id='word_1_26' title='bbox 606 667 766 728; x_wconf 88' lang='lat' dir='ltr'><strong>secundum</strong></span> <span class='ocrx_word' id='word_1_27' title='bbox 801 667 1024 728; x_wconf 89' lang='lat' dir='ltr'><strong>similitudinem</strong></span> <span class='ocrx_word' id='word_1_28' title='bbox 1058 667 1218 727; x_wconf 90' lang='lat' dir='ltr'><strong>verborum</strong></span> <span class='ocrx_word' id='word_1_29' title='bbox 1246 667 1310 726; x_wconf 89' lang='lat' dir='ltr'><strong>Ioel</strong></span> <span class='ocrx_word' id='word_1_30' title='bbox 1325 668 1367 742; x_wconf 89' lang='lat'><strong>11,</strong></span> <span class='ocrx_word' id='word_1_31' title='bbox 1384 674 1410 740; x_wconf 76' lang='lat'><strong>63</strong></span> 
     </span>
     <span class='ocr_line' id='line_1_5' title="bbox 313 767 1410 848; baseline 0 -20"><span class='ocrx_word' id='word_1_32' title='bbox 313 771 418 830; x_wconf 90' lang='lat' dir='ltr'><strong>Ierem.</strong></span> <span class='ocrx_word' id='word_1_33' title='bbox 431 769 543 842; x_wconf 88' lang='lat' dir='ltr'>XXX,</span> <span class='ocrx_word' id='word_1_34' title='bbox 561 773 578 827; x_wconf 85' lang='grc'>6</span> <span class='ocrx_word' id='word_1_35' title='bbox 594 769 733 828; x_wconf 79' lang='lat' dir='ltr'>ruborem</span> <span class='ocrx_word' id='word_1_36' title='bbox 751 769 849 828; x_wconf 88' lang='lat' dir='ltr'><strong>subito</strong></span> <span class='ocrx_word' id='word_1_37' title='bbox 867 776 1035 845; x_wconf 87' lang='lat' dir='ltr'><strong>correptum</strong></span> <span class='ocrx_word' id='word_1_38' title='bbox 1053 767 1095 844; x_wconf 86' lang='lat' dir='ltr'><strong>(v.</strong></span> <span class='ocrx_word' id='word_1_39' title='bbox 1111 770 1217 848; x_wconf 88' lang='lat' dir='ltr'><strong>supra)</strong></span> <span class='ocrx_word' id='word_1_40' title='bbox 1235 776 1265 828; x_wconf 91' lang='lat' dir='ltr'><strong>et</strong></span> <span class='ocrx_word' id='word_1_41' title='bbox 1281 769 1357 828; x_wconf 88' lang='lat' dir='ltr'><strong>intus</strong></span> <span class='ocrx_word' id='word_1_42' title='bbox 1372 789 1410 828; x_wconf 89' lang='lat' dir='ltr'><strong>re-</strong></span> 
     </span>
     <span class='ocr_line' id='line_1_6' title="bbox 315 869 1409 948; baseline -0.004 -16"><span class='ocrx_word' id='word_1_43' title='bbox 315 880 432 948; x_wconf 87' lang='lat' dir='ltr'><strong>ceptum</strong></span> <span class='ocrx_word' id='word_1_44' title='bbox 449 870 633 948; x_wconf 75' lang='lat' dir='ltr'>cogitamus,</span> <span class='ocrx_word' id='word_1_45' title='bbox 647 869 895 948; x_wconf 75' lang='lat' dir='ltr'><strong>quemadmodum</strong></span> <span class='ocrx_word' id='word_1_46' title='bbox 909 877 1017 929; x_wconf 86' lang='lat' dir='ltr'><strong>natura</strong></span> <span class='ocrx_word' id='word_1_47' title='bbox 1028 869 1087 928; x_wconf 90' lang='lat' dir='ltr'><strong>fert</strong></span> <span class='ocrx_word' id='word_1_48' title='bbox 1099 878 1133 928; x_wconf 91' lang='lat' dir='ltr'><strong>nt</strong></span> <span class='ocrx_word' id='word_1_49' title='bbox 1145 869 1267 946; x_wconf 86' lang='lat' dir='ltr'><strong>sangnis</strong></span> <span class='ocrx_word' id='word_1_50' title='bbox 1280 878 1409 946; x_wconf 86' lang='lat' dir='ltr'><strong>perterre·</strong></span> 
     </span>
     <span class='ocr_line' id='line_1_7' title="bbox 264 970 1408 1047; baseline -0.003 -16"><span class='ocrx_word' id='word_1_51' title='bbox 264 1005 266 1010; x_wconf 68' lang='lat'>,</span> <span class='ocrx_word' id='word_1_52' title='bbox 314 973 462 1032; x_wconf 80' lang='lat' dir='ltr'><strong>factorum</strong></span> <span class='ocrx_word' id='word_1_53' title='bbox 479 991 499 1030; x_wconf 90' lang='lat' dir='ltr'><strong>a</strong></span> <span class='ocrx_word' id='word_1_54' title='bbox 515 971 591 1030; x_wconf 85' lang='lat' dir='ltr'><strong>facie</strong></span> <span class='ocrx_word' id='word_1_55' title='bbox 607 979 638 1030; x_wconf 89' lang='lat' dir='ltr'><strong>et</strong></span> <span class='ocrx_word' id='word_1_56' title='bbox 654 972 795 1032; x_wconf 88' lang='lat' dir='ltr'><strong>membris</strong></span> <span class='ocrx_word' id='word_1_57' title='bbox 812 971 931 1032; x_wconf 75' lang='lat' dir='ltr'><strong>recedat</strong></span> <span class='ocrx_word' id='word_1_58' title='bbox 943 971 982 1030; x_wconf 88' lang='lat' dir='ltr'><strong>ad</strong></span> <span class='ocrx_word' id='word_1_59' title='bbox 995 970 1151 1030; x_wconf 84' lang='lat' dir='ltr'><strong>interiores</strong></span> <span class='ocrx_word' id='word_1_60' title='bbox 1164 971 1300 1046; x_wconf 88' lang='lat' dir='ltr'><strong>corporis</strong></span> <span class='ocrx_word' id='word_1_61' title='bbox 1313 980 1408 1047; x_wconf 89' lang='lat' dir='ltr'><strong>partes.</strong></span> 
     </span>
     <span class='ocr_line' id='line_1_8' title="bbox 364 1071 1409 1145; baseline -0.004 -13"><span class='ocrx_word' id='word_1_62' title='bbox 364 1073 412 1132; x_wconf 90' lang='lat' dir='ltr'><strong>De</strong></span> <span class='ocrx_word' id='word_1_63' title='bbox 428 1073 527 1132; x_wconf 86' lang='lat' dir='ltr'><strong>forma</strong></span> <span class='ocrx_word' id='word_1_64' title='bbox 544 1081 574 1132; x_wconf 91' lang='lat' dir='ltr'><strong>et</strong></span> <span class='ocrx_word' id='word_1_65' title='bbox 590 1080 740 1133; x_wconf 85' lang='lat' dir='ltr'><strong>structura</strong></span> <span class='ocrx_word' id='word_1_66' title='bbox 754 1091 860 1133; x_wconf 83' lang='lat' dir='ltr'><strong>versus</strong></span> <span class='ocrx_word' id='word_1_67' title='bbox 877 1074 954 1132; x_wconf 90' lang='lat' dir='ltr'><strong>bene</strong></span> <span class='ocrx_word' id='word_1_68' title='bbox 970 1080 1056 1130; x_wconf 87' lang='lat' dir='ltr'><strong>notat</strong></span> <span class='ocrx_word' id='word_1_69' title='bbox 1072 1071 1233 1132; x_wconf 81' lang='lat' dir='ltr'><strong>Buaurns:</strong></span> <span class='ocrx_word' id='word_1_70' title='bbox 1258 1081 1326 1145; x_wconf 88' lang='lat' dir='ltr'><strong>„cst</strong></span> <span class='ocrx_word' id='word_1_71' title='bbox 1345 1072 1409 1130; x_wconf 87' lang='lat' dir='ltr'><strong>inter</strong></span> 
     </span>
     <span class='ocr_line' id='line_1_9' title="bbox 315 1171 1409 1251; baseline -0.005 -17"><span class='ocrx_word' id='word_1_72' title='bbox 315 1182 427 1251; x_wconf 86' lang='lat' dir='ltr'><strong>puncta</strong></span> <span class='ocrx_word' id='word_1_73' title='bbox 443 1181 586 1251; x_wconf 87' lang='lat' dir='ltr'><strong>quattuor</strong></span> <span class='ocrx_word' id='word_1_74' title='bbox 601 1174 710 1234; x_wconf 84' lang='lat' dir='ltr'><strong>relatio</strong></span> <span class='ocrx_word' id='word_1_75' title='bbox 724 1173 905 1234; x_wconf 86' lang='lat' dir='ltr'><strong>immediata.</strong></span> <span class='ocrx_word' id='word_1_76' title='bbox 931 1171 993 1234; x_wconf 82' lang='lat' dir='ltr'><strong>Gor</strong></span> <span class='ocrx_word' id='word_1_77' title='bbox 1009 1171 1087 1232; x_wconf 85' lang='lat' dir='ltr'><strong>enim</strong></span> <span class='ocrx_word' id='word_1_78' title='bbox 1104 1173 1157 1232; x_wconf 89' lang='lat' dir='ltr'><strong>nbi</strong></span> <span class='ocrx_word' id='word_1_79' title='bbox 1169 1173 1359 1250; x_wconf 84' lang='lat' dir='ltr'><strong>liquefactum</strong></span> <span class='ocrx_word' id='word_1_80' title='bbox 1374 1181 1409 1231; x_wconf 89' lang='lat' dir='ltr'><strong>est</strong></span> 
     </span>
     <span class='ocr_line' id='line_1_10' title="bbox 313 1271 1407 1352; baseline -0.001 -20"><span class='ocrx_word' id='word_1_81' title='bbox 313 1275 412 1347; x_wconf 86' lang='lat' dir='ltr'><strong>intus,</strong></span> <span class='ocrx_word' id='word_1_82' title='bbox 431 1274 566 1352; x_wconf 80' lang='lat' dir='ltr'><strong>sequitur</strong></span> <span class='ocrx_word' id='word_1_83' title='bbox 582 1275 672 1334; x_wconf 88' lang='lat' dir='ltr'><strong>etiam</strong></span> <span class='ocrx_word' id='word_1_84' title='bbox 687 1274 763 1334; x_wconf 85' lang='lat' dir='ltr'><strong>foris</strong></span> <span class='ocrx_word' id='word_1_85' title='bbox 780 1274 920 1336; x_wconf 71' lang='lat' dir='ltr'><strong>titubatio</strong></span> <span class='ocrx_word' id='word_1_86' title='bbox 939 1291 1082 1351; x_wconf 82' lang='lat' dir='ltr'><strong>gennum3</strong></span> <span class='ocrx_word' id='word_1_87' title='bbox 1108 1281 1138 1333; x_wconf 88' lang='lat' dir='ltr'><strong>et</strong></span> <span class='ocrx_word' id='word_1_88' title='bbox 1160 1293 1199 1334; x_wconf 79' lang='lat' dir='ltr'><strong>ex</strong></span> <span class='ocrx_word' id='word_1_89' title='bbox 1223 1271 1327 1332; x_wconf 86' lang='lat' dir='ltr'><strong>dolore</strong></span> <span class='ocrx_word' id='word_1_90' title='bbox 1347 1275 1407 1332; x_wconf 90' lang='lat' dir='ltr'><strong>lum·</strong></span> 
     </span>
     <span class='ocr_line' id='line_1_11' title="bbox 314 1374 1408 1453; baseline -0.004 -19"><span class='ocrx_word' id='word_1_91' title='bbox 314 1377 421 1434; x_wconf 87' lang='lat' dir='ltr'><strong>borum</strong></span> <span class='ocrx_word' id='word_1_92' title='bbox 438 1375 529 1436; x_wconf 79' lang='lat' dir='ltr'><strong>facies</strong></span> <span class='ocrx_word' id='word_1_93' title='bbox 547 1376 722 1437; x_wconf 78' lang='lat' dir='ltr'><strong>contrahere</strong></span> <span class='ocrx_word' id='word_1_94' title='bbox 737 1376 816 1436; x_wconf 79' lang='lat' dir='ltr'><strong>solet</strong></span> <span class='ocrx_word' id='word_1_95' title='bbox 833 1379 984 1436; x_wconf 88' lang='lat' dir='ltr'><strong>atrorem“</strong></span> <span class='ocrx_word' id='word_1_96' title='bbox 1001 1374 1166 1452; x_wconf 86' lang='lat' dir='ltr'><strong>(mutentur</strong></span> <span class='ocrx_word' id='word_1_97' title='bbox 1187 1375 1343 1453; x_wconf 85' lang='lat' dir='ltr'><strong>mutanda)</strong></span> <span class='ocrx_word' id='word_1_98' title='bbox 1362 1375 1408 1447; x_wconf 87' lang='lat' dir='ltr'><strong>„de</strong></span> 
     </span>
     <span class='ocr_line' id='line_1_12' title="bbox 314 1475 1438 1553; baseline 0 -17"><span class='ocrx_word' id='word_1_99' title='bbox 314 1477 419 1536; x_wconf 89' lang='lat' dir='ltr'><strong>dolore</strong></span> <span class='ocrx_word' id='word_1_100' title='bbox 435 1476 552 1538; x_wconf 81' lang='lat' dir='ltr'><strong>interno</strong></span> <span class='ocrx_word' id='word_1_101' title='bbox 569 1485 740 1538; x_wconf 87' lang='lat' dir='ltr'><strong>restantem.</strong></span> <span class='ocrx_word' id='word_1_102' title='bbox 766 1475 910 1538; x_wconf 83' lang='lat' dir='ltr'><strong>Similiter</strong></span> <span class='ocrx_word' id='word_1_103' title='bbox 926 1495 981 1553; x_wconf 92' lang='lat' dir='ltr'><strong>per</strong></span> <span class='ocrx_word' id='word_1_104' title='bbox 997 1475 1160 1536; x_wconf 86' lang='lat' dir='ltr'><strong>chiasmnm</strong></span> <span class='ocrx_word' id='word_1_105' title='bbox 1183 1475 1335 1536; x_wconf 88' lang='lat' dir='ltr'><strong>inversum</strong></span> <span class='ocrx_word' id='word_1_106' title='bbox 1356 1493 1407 1534; x_wconf 90' lang='lat' dir='ltr'><strong>cun</strong></span> <span class='ocrx_word' id='word_1_107' title='bbox 1437 1533 1438 1536; x_wconf 74' lang='grc'>,</span> 
     </span>
     <span class='ocr_line' id='line_1_13' title="bbox 314 1577 1438 1656; baseline -0.007 -14"><span class='ocrx_word' id='word_1_108' title='bbox 314 1577 404 1642; x_wconf 78' lang='lat' dir='ltr'><strong>corde</strong></span> <span class='ocrx_word' id='word_1_109' title='bbox 419 1577 530 1651; x_wconf 86' lang='lat' dir='ltr'><strong>iacies,</strong></span> <span class='ocrx_word' id='word_1_110' title='bbox 549 1597 615 1640; x_wconf 87' lang='lat' dir='ltr'><strong>cum</strong></span> <span class='ocrx_word' id='word_1_111' title='bbox 633 1579 758 1656; x_wconf 81' lang='lat' dir='ltr'><strong>genibus</strong></span> <span class='ocrx_word' id='word_1_112' title='bbox 773 1578 866 1639; x_wconf 88' lang='lat' dir='ltr'><strong>lumbi</strong></span> <span class='ocrx_word' id='word_1_113' title='bbox 884 1577 1147 1654; x_wconf 65' lang='lat' dir='ltr'><strong>cumespondeutt‘</strong></span> <span class='ocrx_word' id='word_1_114' title='bbox 1437 1579 1438 1586; x_wconf 77' lang='grc'>’</span> 
     </span>
    </p>
   </div>
   <div class='ocr_carea' id='block_1_3' title="bbox 733 1907 1012 2002">
    <p class='ocr_par' dir='ltr' id='par_1_3' title="bbox 733 1881 1438 2026">
     <span class='ocr_line' id='line_1_14' title="bbox 733 1907 1012 2002; baseline -0.013 0"><span class='ocrx_word' id='word_1_115' title='bbox 733 1921 770 2002; x_wconf 81' lang='lat' dir='ltr'><strong>C.</strong></span> <span class='ocrx_word' id='word_1_116' title='bbox 803 1946 839 1996; x_wconf 80' lang='lat' dir='ltr'><strong>v.</strong></span> <span class='ocrx_word' id='word_1_117' title='bbox 861 1907 1012 1996; x_wconf 60' lang='lat' dir='ltr'>12-14ss</span> 
     </span>
    </p>
   </div>
   <div class='ocr_carea' id='block_1_4' title="bbox 172 2067 1438 2966">
    <p class='ocr_par' dir='ltr' id='par_1_4' title="bbox 172 2067 1438 2966">
     <span class='ocr_line' id='line_1_15' title="bbox 363 2067 1438 2160; baseline -0.004 -20"><span class='ocrx_word' id='word_1_118' title='bbox 363 2081 549 2155; x_wconf 82' lang='lat' dir='ltr'><strong>Expugnata</strong></span> <span class='ocrx_word' id='word_1_119' title='bbox 565 2087 596 2140; x_wconf 87' lang='lat' dir='ltr'><strong>et</strong></span> <span class='ocrx_word' id='word_1_120' title='bbox 612 2078 712 2138; x_wconf 87' lang='lat' dir='ltr'><strong>diruta</strong></span> <span class='ocrx_word' id='word_1_121' title='bbox 729 2081 817 2153; x_wconf 89' lang='lat' dir='ltr'><strong>urbe,</strong></span> <span class='ocrx_word' id='word_1_122' title='bbox 842 2081 967 2158; x_wconf 87' lang='lat' dir='ltr'><strong>direptis</strong></span> <span class='ocrx_word' id='word_1_123' title='bbox 985 2079 1115 2153; x_wconf 87' lang='lat' dir='ltr'><strong>divitiis,</strong></span> <span class='ocrx_word' id='word_1_124' title='bbox 1137 2080 1245 2140; x_wconf 90' lang='lat' dir='ltr'><strong>ineolis</strong></span> <span class='ocrx_word' id='word_1_125' title='bbox 1270 2079 1407 2142; x_wconf 85' lang='lat' dir='ltr'><strong>trucidatis</strong></span> <span class='ocrx_word' id='word_1_126' title='bbox 1437 2067 1438 2160; x_wconf 59' lang='lat' dir='ltr'><strong>i</strong></span> 
     </span>
     <span class='ocr_line' id='line_1_16' title="bbox 172 2168 1438 2259; baseline -0.002 -19"><span class='ocrx_word' id='word_1_127' title='bbox 172 2168 176 2178; x_wconf 72' lang='grc'>’</span> <span class='ocrx_word' id='word_1_128' title='bbox 196 2213 201 2224; x_wconf 86' lang='grc'><strong><em>·</em></strong></span> <span class='ocrx_word' id='word_1_129' title='bbox 313 2181 361 2240; x_wconf 83' lang='lat' dir='ltr'><strong>vel</strong></span> <span class='ocrx_word' id='word_1_130' title='bbox 378 2181 409 2240; x_wconf 93' lang='lat' dir='ltr'><strong>in</strong></span> <span class='ocrx_word' id='word_1_131' title='bbox 426 2179 565 2240; x_wconf 82' lang='lat' dir='ltr'><strong>exsilium</strong></span> <span class='ocrx_word' id='word_1_132' title='bbox 582 2180 738 2254; x_wconf 84' lang='lat' dir='ltr'><strong>abductis,</strong></span> <span class='ocrx_word' id='word_1_133' title='bbox 761 2182 821 2240; x_wconf 89' lang='lat' dir='ltr'><strong>iam</strong></span> <span class='ocrx_word' id='word_1_134' title='bbox 838 2192 926 2242; x_wconf 87' lang='lat' dir='ltr'><strong>vasta</strong></span> <span class='ocrx_word' id='word_1_135' title='bbox 952 2191 982 2242; x_wconf 88' lang='lat' dir='ltr'><strong>et</strong></span> <span class='ocrx_word' id='word_1_136' title='bbox 998 2183 1116 2242; x_wconf 88' lang='lat' dir='ltr'><strong>deserta</strong></span> <span class='ocrx_word' id='word_1_137' title='bbox 1131 2182 1200 2242; x_wconf 90' lang='lat' dir='ltr'><strong>loca</strong></span> <span class='ocrx_word' id='word_1_138' title='bbox 1216 2179 1407 2259; x_wconf 76' lang='lat' dir='ltr'><strong>praesagiente</strong></span> <span class='ocrx_word' id='word_1_139' title='bbox 1437 2169 1438 2246; x_wconf 66' lang='lat' dir='ltr'><strong>i</strong></span> 
     </span>
     <span class='ocr_line' id='line_1_17' title="bbox 313 2280 1408 2360; baseline -0.005 -18"><span class='ocrx_word' id='word_1_140' title='bbox 313 2281 413 2342; x_wconf 87' lang='lat' dir='ltr'><strong>animo</strong></span> <span class='ocrx_word' id='word_1_141' title='bbox 427 2281 627 2359; x_wconf 74' lang='lat' dir='ltr'><strong>circumspicit</strong></span> <span class='ocrx_word' id='word_1_142' title='bbox 638 2291 735 2356; x_wconf 85' lang='lat' dir='ltr'><strong>vates,</strong></span> <span class='ocrx_word' id='word_1_143' title='bbox 748 2301 825 2360; x_wconf 90' lang='lat' dir='ltr'><strong>quae</strong></span> <span class='ocrx_word' id='word_1_144' title='bbox 836 2283 1118 2360; x_wconf 87' lang='lat' dir='ltr'><strong>magnificentissimi</strong></span> <span class='ocrx_word' id='word_1_145' title='bbox 1129 2281 1201 2342; x_wconf 90' lang='lat' dir='ltr'><strong>olim</strong></span> <span class='ocrx_word' id='word_1_146' title='bbox 1209 2280 1408 2360; x_wconf 85' lang='lat' dir='ltr'><strong>caputimperii</strong></span> 
     </span>
     <span class='ocr_line' id='line_1_18' title="bbox 313 2382 1407 2446; baseline -0.004 -4"><span class='ocrx_word' id='word_1_147' title='bbox 313 2384 442 2442; x_wconf 75' lang='lat' dir='ltr'><strong>tenebat..</strong></span> <span class='ocrx_word' id='word_1_148' title='bbox 453 2382 613 2444; x_wconf 89' lang='lat' dir='ltr'><strong>Perculsus</strong></span> <span class='ocrx_word' id='word_1_149' title='bbox 631 2383 787 2444; x_wconf 83' lang='lat' dir='ltr'><strong>atrocitate</strong></span> <span class='ocrx_word' id='word_1_150' title='bbox 804 2384 936 2446; x_wconf 87' lang='lat' dir='ltr'><strong>iustitiae</strong></span> <span class='ocrx_word' id='word_1_151' title='bbox 951 2384 1072 2444; x_wconf 51' lang='lat' dir='ltr'><strong>¹divinae</strong></span> <span class='ocrx_word' id='word_1_152' title='bbox 1088 2393 1118 2444; x_wconf 90' lang='lat' dir='ltr'><strong>et</strong></span> <span class='ocrx_word' id='word_1_153' title='bbox 1135 2403 1221 2444; x_wconf 88' lang='lat' dir='ltr'><strong>sacra</strong></span> <span class='ocrx_word' id='word_1_154' title='bbox 1238 2385 1328 2444; x_wconf 88' lang='lat' dir='ltr'><strong>simul</strong></span> <span class='ocrx_word' id='word_1_155' title='bbox 1343 2382 1407 2442; x_wconf 80' lang='lat' dir='ltr'><strong>cxci·</strong></span> 
     </span>
     <span class='ocr_line' id='line_1_19' title="bbox 312 2483 1438 2562; baseline -0.005 -16"><span class='ocrx_word' id='word_1_156' title='bbox 312 2492 392 2546; x_wconf 88' lang='lat' dir='ltr'><strong>tatus</strong></span> <span class='ocrx_word' id='word_1_157' title='bbox 409 2483 525 2557; x_wconf 84' lang='lat' dir='ltr'><strong>ironia,</strong></span> <span class='ocrx_word' id='word_1_158' title='bbox 548 2485 706 2546; x_wconf 82' lang='lat' dir='ltr'><strong>revertitur</strong></span> <span class='ocrx_word' id='word_1_159' title='bbox 727 2486 870 2546; x_wconf 88' lang='lat' dir='ltr'><strong>memoria</strong></span> <span class='ocrx_word' id='word_1_160' title='bbox 892 2486 924 2544; x_wconf 90' lang='lat' dir='ltr'><strong>in</strong></span> <span class='ocrx_word' id='word_1_161' title='bbox 941 2492 1052 2546; x_wconf 84' lang='lat' dir='ltr'><strong>statum</strong></span> <span class='ocrx_word' id='word_1_162' title='bbox 1069 2486 1214 2562; x_wconf 87' lang='lat' dir='ltr'><strong>priorem,</strong></span> <span class='ocrx_word' id='word_1_163' title='bbox 1239 2506 1308 2546; x_wconf 89' lang='lat' dir='ltr'><strong>cum</strong></span> <span class='ocrx_word' id='word_1_164' title='bbox 1331 2495 1407 2544; x_wconf 88' lang='lat' dir='ltr'><strong>terra-</strong></span> <span class='ocrx_word' id='word_1_165' title='bbox 1437 2503 1438 2560; x_wconf 54' lang='lat' dir='ltr'><strong>p</strong></span> 
     </span>
     <span class='ocr_line' id='line_1_20' title="bbox 312 2573 1438 2666; baseline -0.004 -20"><span class='ocrx_word' id='word_1_166' title='bbox 312 2606 379 2646; x_wconf 85' lang='lat' dir='ltr'><strong>rum</strong></span> <span class='ocrx_word' id='word_1_167' title='bbox 396 2585 439 2645; x_wconf 91' lang='lat' dir='ltr'><strong>ibi</strong></span> <span class='ocrx_word' id='word_1_168' title='bbox 456 2585 593 2646; x_wconf 87' lang='lat' dir='ltr'><strong>dominus</strong></span> <span class='ocrx_word' id='word_1_169' title='bbox 611 2588 727 2648; x_wconf 90' lang='lat' dir='ltr'><strong>nemine</strong></span> <span class='ocrx_word' id='word_1_170' title='bbox 742 2589 880 2648; x_wconf 81' lang='lat' dir='ltr'><strong>turbante</strong></span> <span class='ocrx_word' id='word_1_171' title='bbox 891 2587 1046 2648; x_wconf 83' lang='lat' dir='ltr'><strong>maiestate</strong></span> <span class='ocrx_word' id='word_1_172' title='bbox 1059 2606 1115 2648; x_wconf 87' lang='lat' dir='ltr'><strong>sua</strong></span> <span class='ocrx_word' id='word_1_173' title='bbox 1125 2596 1155 2646; x_wconf 87' lang='lat' dir='ltr'><strong>et</strong></span> <span class='ocrx_word' id='word_1_174' title='bbox 1166 2588 1304 2664; x_wconf 87' lang='lat' dir='ltr'><strong>potentia</strong></span> <span class='ocrx_word' id='word_1_175' title='bbox 1315 2585 1408 2666; x_wconf 83' lang='lat' dir='ltr'><strong>gaude·</strong></span> <span class='ocrx_word' id='word_1_176' title='bbox 1437 2573 1438 2662; x_wconf 69' lang='lat'>]</span> 
     </span>
     <span class='ocr_line' id='line_1_21' title="bbox 311 2665 1438 2766; baseline -0.004 -18"><span class='ocrx_word' id='word_1_177' title='bbox 311 2695 358 2748; x_wconf 89' lang='lat' dir='ltr'><strong>ret</strong></span> <span class='ocrx_word' id='word_1_178' title='bbox 375 2707 403 2746; x_wconf 86' lang='lat' dir='ltr'><strong>v.</strong></span> <span class='ocrx_word' id='word_1_179' title='bbox 415 2691 462 2759; x_wconf 84' lang='lat' dir='ltr'><strong>m,</strong></span> <span class='ocrx_word' id='word_1_180' title='bbox 482 2696 572 2766; x_wconf 85' lang='lat' dir='ltr'><strong>atque</strong></span> <span class='ocrx_word' id='word_1_181' title='bbox 588 2687 747 2750; x_wconf 86' lang='lat' dir='ltr'><strong>immensas</strong></span> <span class='ocrx_word' id='word_1_182' title='bbox 765 2689 903 2763; x_wconf 86' lang='lat' dir='ltr'><strong>deinceps</strong></span> <span class='ocrx_word' id='word_1_183' title='bbox 922 2707 994 2764; x_wconf 89' lang='lat' dir='ltr'><strong>opes</strong></span> <span class='ocrx_word' id='word_1_184' title='bbox 1011 2687 1042 2746; x_wconf 87' lang='lat' dir='ltr'><strong>vi</strong></span> <span class='ocrx_word' id='word_1_185' title='bbox 1059 2696 1089 2748; x_wconf 86' lang='lat' dir='ltr'><strong>ct</strong></span> <span class='ocrx_word' id='word_1_186' title='bbox 1105 2689 1218 2765; x_wconf 85' lang='lat' dir='ltr'><strong>rapinis</strong></span> <span class='ocrx_word' id='word_1_187' title='bbox 1232 2691 1408 2753; x_wconf 74' lang='lat' dir='ltr'><strong>coacervaret</strong></span> <span class='ocrx_word' id='word_1_188' title='bbox 1437 2665 1438 2726; x_wconf 68' lang='lat' dir='ltr'><strong>i</strong></span> 
     </span>
     <span class='ocr_line' id='line_1_22' title="bbox 311 2788 1410 2867; baseline -0.002 -22"><span class='ocrx_word' id='word_1_189' title='bbox 311 2791 398 2846; x_wconf 85' lang='lat' dir='ltr'><strong>v.13.·</strong></span> <span class='ocrx_word' id='word_1_190' title='bbox 433 2788 476 2848; x_wconf 79' lang='lat' dir='ltr'><strong>At</strong></span> <span class='ocrx_word' id='word_1_191' title='bbox 493 2807 565 2850; x_wconf 85' lang='lat' dir='ltr'><strong>vero</strong></span> <span class='ocrx_word' id='word_1_192' title='bbox 582 2788 730 2849; x_wconf 89' lang='lat' dir='ltr'><strong>Dominus</strong></span> <span class='ocrx_word' id='word_1_193' title='bbox 748 2791 930 2850; x_wconf 85' lang='lat' dir='ltr'><strong>exercituum</strong></span> <span class='ocrx_word' id='word_1_194' title='bbox 947 2809 1008 2850; x_wconf 86' lang='lat' dir='ltr'><strong>una</strong></span> <span class='ocrx_word' id='word_1_195' title='bbox 1025 2807 1092 2850; x_wconf 88' lang='lat' dir='ltr'><strong>cnm</strong></span> <span class='ocrx_word' id='word_1_196' title='bbox 1110 2789 1205 2866; x_wconf 87' lang='lat' dir='ltr'><strong>copiis</strong></span> <span class='ocrx_word' id='word_1_197' title='bbox 1223 2791 1370 2867; x_wconf 85' lang='lat' dir='ltr'><strong>armisque</strong></span> <span class='ocrx_word' id='word_1_198' title='bbox 1386 2793 1410 2844; x_wconf 89' lang='lat' dir='ltr'><strong>et</strong></span> 
     </span>
     <span class='ocr_line' id='line_1_23' title="bbox 312 2886 1408 2966; baseline 0.002 -20"><span class='ocrx_word' id='word_1_199' title='bbox 312 2886 418 2962; x_wconf 88' lang='lat' dir='ltr'><strong>spoliis</strong></span> <span class='ocrx_word' id='word_1_200' title='bbox 435 2889 566 2966; x_wconf 84' lang='lat' dir='ltr'><strong>undique</strong></span> <span class='ocrx_word' id='word_1_201' title='bbox 577 2890 726 2966; x_wconf 77' lang='lat' dir='ltr'><strong>congestis</strong></span> <span class='ocrx_word' id='word_1_202' title='bbox 739 2887 971 2953; x_wconf 85' lang='lat' dir='ltr'><strong>dominationem</strong></span> <span class='ocrx_word' id='word_1_203' title='bbox 983 2891 1045 2951; x_wconf 89' lang='lat' dir='ltr'><strong>eius</strong></span> <span class='ocrx_word' id='word_1_204' title='bbox 1058 2891 1191 2952; x_wconf 83' lang='lat' dir='ltr'><strong>funditus</strong></span> <span class='ocrx_word' id='word_1_205' title='bbox 1205 2892 1322 2952; x_wconf 81' lang='lat' dir='ltr'><strong>evertit.</strong></span> <span class='ocrx_word' id='word_1_206' title='bbox 1339 2909 1365 2948; x_wconf 86' lang='lat' dir='ltr'><strong>v.</strong></span> <span class='ocrx_word' id='word_1_207' title='bbox 1377 2891 1408 2944; x_wconf 82' lang='lat' dir='ltr'><strong>ll·</strong></span> 
     </span>
    </p>
   </div>
   <div class='ocr_carea' id='block_1_5' title="bbox 820 3147 910 3206">
    <p class='ocr_par' dir='ltr' id='par_1_5' title="bbox 820 3147 910 3206">
     <span class='ocr_line' id='line_1_24' title="bbox 820 3147 910 3206; baseline 0.067 -6"><span class='ocrx_word' id='word_1_208' title='bbox 820 3161 849 3201; x_wconf 86' lang='lat' dir='ltr'><strong>v.</strong></span> <span class='ocrx_word' id='word_1_209' title='bbox 870 3147 910 3206; x_wconf 78' lang='lat'><strong>12.</strong></span> 
     </span>
    </p>
   </div>
   <div class='ocr_carea' id='block_1_6' title="bbox 309 3283 1409 3977">
    <p class='ocr_par' dir='ltr' id='par_1_6' title="bbox 309 3283 1409 3977">
     <span class='ocr_line' id='line_1_25' title="bbox 354 3283 1409 3370; baseline 0.004 -26"><span class='ocrx_word' id='word_1_210' title='bbox 354 3283 534 3358; x_wconf 85' lang='lat' dir='ltr'><strong>·‚,Immensa</strong></span> <span class='ocrx_word' id='word_1_211' title='bbox 554 3288 627 3348; x_wconf 90' lang='lat' dir='ltr'><strong>urbs</strong></span> <span class='ocrx_word' id='word_1_212' title='bbox 649 3309 685 3350; x_wconf 91' lang='lat' dir='ltr'><strong>ac</strong></span> <span class='ocrx_word' id='word_1_213' title='bbox 707 3290 769 3352; x_wconf 78' lang='lat' dir='ltr'><strong>iere</strong></span> <span class='ocrx_word' id='word_1_214' title='bbox 785 3291 996 3370; x_wconf 86' lang='lat' dir='ltr'><strong>insuperabilis</strong></span> <span class='ocrx_word' id='word_1_215' title='bbox 1018 3293 1184 3370; x_wconf 89' lang='lat' dir='ltr'><strong>permulta</strong></span> <span class='ocrx_word' id='word_1_216' title='bbox 1206 3295 1308 3355; x_wconf 87' lang='lat' dir='ltr'><strong>secula</strong></span> <span class='ocrx_word' id='word_1_217' title='bbox 1325 3293 1409 3352; x_wconf 84' lang='lat' dir='ltr'><strong>diruta</strong></span> 
     </span>
     <span class='ocr_line' id='line_1_26' title="bbox 309 3385 1409 3472; baseline 0.004 -26"><span class='ocrx_word' id='word_1_218' title='bbox 309 3385 401 3459; x_wconf 83' lang='lat' dir='ltr'><strong>iacet3</strong></span> <span class='ocrx_word' id='word_1_219' title='bbox 424 3386 542 3464; x_wconf 89' lang='lat' dir='ltr'><strong>imperii</strong></span> <span class='ocrx_word' id='word_1_220' title='bbox 565 3389 635 3453; x_wconf 85' lang='lat' dir='ltr'><strong>olim</strong></span> <span class='ocrx_word' id='word_1_221' title='bbox 658 3391 837 3469; x_wconf 89' lang='lat' dir='ltr'><strong>amplissimi</strong></span> <span class='ocrx_word' id='word_1_222' title='bbox 859 3395 1058 3469; x_wconf 84' lang='lat' dir='ltr'><strong>munimenta,</strong></span> <span class='ocrx_word' id='word_1_223' title='bbox 1090 3395 1260 3472; x_wconf 87' lang='lat' dir='ltr'><strong>splendoris</strong></span> <span class='ocrx_word' id='word_1_224' title='bbox 1290 3394 1409 3472; x_wconf 83' lang='lat' dir='ltr'><strong>regiique</strong></span> 
     </span>
     <span class='ocr_line' id='line_1_27' title="bbox 310 3479 1408 3570; baseline -0.002 -22"><span class='ocrx_word' id='word_1_225' title='bbox 310 3495 476 3564; x_wconf 85' lang='lat' dir='ltr'><strong>apparatus</strong></span> <span class='ocrx_word' id='word_1_226' title='bbox 497 3490 649 3554; x_wconf 85' lang='lat' dir='ltr'><strong>domicilia</strong></span> <span class='ocrx_word' id='word_1_227' title='bbox 670 3479 814 3554; x_wconf 88' lang='lat' dir='ltr'><strong>hodierno</strong></span> <span class='ocrx_word' id='word_1_228' title='bbox 838 3496 885 3556; x_wconf 87' lang='lat' dir='ltr'><strong>die</strong></span> <span class='ocrx_word' id='word_1_229' title='bbox 909 3497 1036 3558; x_wconf 81' lang='lat' dir='ltr'><strong>diffindit</strong></span> <span class='ocrx_word' id='word_1_230' title='bbox 1060 3505 1192 3558; x_wconf 88' lang='lat' dir='ltr'><strong>aratrum</strong></span> <span class='ocrx_word' id='word_1_231' title='bbox 1202 3497 1220 3570; x_wconf 84' lang='lat'><strong>¹,</strong></span> <span class='ocrx_word' id='word_1_232' title='bbox 1251 3506 1305 3558; x_wconf 90' lang='lat' dir='ltr'><strong>aut</strong></span> <span class='ocrx_word' id='word_1_233' title='bbox 1328 3490 1408 3556; x_wconf 88' lang='lat' dir='ltr'><strong>seduli</strong></span> 
     </span>
     <span class='ocr_line' id='line_1_28' title="bbox 310 3590 1408 3675; baseline 0.003 -27"><span class='ocrx_word' id='word_1_234' title='bbox 310 3590 444 3663; x_wconf 88' lang='lat' dir='ltr'><strong>accolae,</strong></span> <span class='ocrx_word' id='word_1_235' title='bbox 464 3591 515 3669; x_wconf 90' lang='lat' dir='ltr'><strong>qui</strong></span> <span class='ocrx_word' id='word_1_236' title='bbox 533 3592 598 3652; x_wconf 86' lang='lat' dir='ltr'><strong>vias</strong></span> <span class='ocrx_word' id='word_1_237' title='bbox 609 3613 663 3671; x_wconf 88' lang='lat' dir='ltr'><strong>per</strong></span> <span class='ocrx_word' id='word_1_238' title='bbox 675 3595 788 3656; x_wconf 87' lang='lat' dir='ltr'><strong>medias</strong></span> <span class='ocrx_word' id='word_1_239' title='bbox 801 3597 902 3671; x_wconf 84' lang='lat' dir='ltr'><strong>ruinas</strong></span> <span class='ocrx_word' id='word_1_240' title='bbox 918 3606 1097 3675; x_wconf 79' lang='lat' dir='ltr'><strong>sequuntur,</strong></span> <span class='ocrx_word' id='word_1_241' title='bbox 1116 3599 1301 3658; x_wconf 86' lang='lat' dir='ltr'><strong>conculeant.</strong></span> <span class='ocrx_word' id='word_1_242' title='bbox 1319 3597 1408 3656; x_wconf 81' lang='lat' dir='ltr'><strong>Verno</strong></span> 
     </span>
     <span class='ocr_line' id='line_1_29' title="bbox 310 3696 1409 3780; baseline 0.004 -32"><span class='ocrx_word' id='word_1_243' title='bbox 310 3698 444 3768; x_wconf 85' lang='lat' dir='ltr'><strong>tempore</strong></span> <span class='ocrx_word' id='word_1_244' title='bbox 461 3713 539 3752; x_wconf 90' lang='lat' dir='ltr'><strong>nnnc</strong></span> <span class='ocrx_word' id='word_1_245' title='bbox 556 3713 680 3774; x_wconf 78' lang='lat' dir='ltr'><strong>aggeres</strong></span> <span class='ocrx_word' id='word_1_246' title='bbox 698 3696 882 3774; x_wconf 81' lang='lat' dir='ltr'><strong>graminibus</strong></span> <span class='ocrx_word' id='word_1_247' title='bbox 900 3715 932 3760; x_wconf 86' lang='lat' dir='ltr'><strong>se</strong></span> <span class='ocrx_word' id='word_1_248' title='bbox 949 3699 1080 3760; x_wconf 85' lang='lat' dir='ltr'><strong>vestiunt</strong></span> <span class='ocrx_word' id='word_1_249' title='bbox 1090 3697 1110 3773; x_wconf 87' lang='lat'><strong>²,</strong></span> <span class='ocrx_word' id='word_1_250' title='bbox 1129 3700 1289 3780; x_wconf 80' lang='lat' dir='ltr'><strong>omniaque</strong></span> <span class='ocrx_word' id='word_1_251' title='bbox 1302 3697 1409 3758; x_wconf 90' lang='lat' dir='ltr'><strong>collium</strong></span> 
     </span>
     <span class='ocr_line' id='line_1_30' title="bbox 311 3792 1408 3878; baseline 0.009 -26"><span class='ocrx_word' id='word_1_252' title='bbox 311 3793 349 3852; x_wconf 87' lang='lat' dir='ltr'><strong>ab</strong></span> <span class='ocrx_word' id='word_1_253' title='bbox 364 3792 432 3868; x_wconf 88' lang='lat' dir='ltr'><strong>ipsa</strong></span> <span class='ocrx_word' id='word_1_254' title='bbox 445 3802 553 3853; x_wconf 87' lang='lat' dir='ltr'><strong>natura</strong></span> <span class='ocrx_word' id='word_1_255' title='bbox 564 3797 765 3873; x_wconf 85' lang='lat' dir='ltr'><strong>profectorum</strong></span> <span class='ocrx_word' id='word_1_256' title='bbox 778 3797 849 3878; x_wconf 85' lang='lat' dir='ltr'><strong>iugo</strong></span> <span class='ocrx_word' id='word_1_257' title='bbox 863 3809 923 3860; x_wconf 88' lang='lat' dir='ltr'><strong>tam</strong></span> <span class='ocrx_word' id='word_1_258' title='bbox 938 3800 1047 3860; x_wconf 89' lang='lat' dir='ltr'><strong>similia</strong></span> <span class='ocrx_word' id='word_1_259' title='bbox 1060 3809 1139 3874; x_wconf 85' lang='lat' dir='ltr'><strong>sunt,</strong></span> <span class='ocrx_word' id='word_1_260' title='bbox 1152 3793 1408 3862; x_wconf 59' lang='lat' dir='ltr'><strong>armassemus,</strong></span> 
     </span>
     <span class='ocr_line' id='line_1_31' title="bbox 309 3893 1407 3977; baseline 0.005 -25"><span class='ocrx_word' id='word_1_261' title='bbox 309 3913 386 3969; x_wconf 87' lang='lat' dir='ltr'><strong>quac</strong></span> <span class='ocrx_word' id='word_1_262' title='bbox 404 3893 584 3956; x_wconf 86' lang='lat' dir='ltr'><strong>munimenta</strong></span> <span class='ocrx_word' id='word_1_263' title='bbox 595 3907 797 3976; x_wconf 83' lang='lat' dir='ltr'><strong>transgressus</strong></span> <span class='ocrx_word' id='word_1_264' title='bbox 810 3909 905 3976; x_wconf 88' lang='lat' dir='ltr'><strong>esset,</strong></span> <span class='ocrx_word' id='word_1_265' title='bbox 923 3901 1077 3962; x_wconf 83' lang='lat' dir='ltr'><strong>Messalae</strong></span> <span class='ocrx_word' id='word_1_266' title='bbox 1090 3903 1206 3962; x_wconf 88' lang='lat' dir='ltr'><strong>demum</strong></span> <span class='ocrx_word' id='word_1_267' title='bbox 1222 3900 1366 3977; x_wconf 86' lang='lat' dir='ltr'><strong>acceperit</strong></span> <span class='ocrx_word' id='word_1_268' title='bbox 1373 3896 1407 3953; x_wconf 83' lang='lat'><strong>⁴.“</strong></span> 
     </span>
    </p>
   </div>
   <div class='ocr_carea' id='block_1_7' title="bbox 360 4128 887 4224">
    <p class='ocr_par' dir='ltr' id='par_1_7' title="bbox 360 4128 887 4224">
     <span class='ocr_line' id='line_1_32' title="bbox 360 4128 887 4224; baseline 0.027 -24"><span class='ocrx_word' id='word_1_269' title='bbox 360 4151 386 4214; x_wconf 89' lang='lat'><strong>1)</strong></span> <span class='ocrx_word' id='word_1_270' title='bbox 403 4151 456 4204; x_wconf 87' lang='lat' dir='ltr'><strong>Cir.</strong></span> <span class='ocrx_word' id='word_1_271' title='bbox 475 4153 555 4207; x_wconf 80' lang='lat' dir='ltr'><strong>thsn</strong></span> <span class='ocrx_word' id='word_1_272' title='bbox 572 4165 668 4208; x_wconf 89' lang='lat' dir='ltr'><strong>narrat.</strong></span> <span class='ocrx_word' id='word_1_273' title='bbox 682 4175 713 4224; x_wconf 79' lang='grc' dir='ltr'><strong>-ρ,</strong></span> <span class='ocrx_word' id='word_1_274' title='bbox 726 4161 767 4212; x_wconf 84' lang='grc'><strong>38.</strong></span> <span class='ocrx_word' id='word_1_275' title='bbox 785 4162 827 4214; x_wconf 82' lang='grc'><strong>43.</strong></span> <span class='ocrx_word' id='word_1_276' title='bbox 845 4128 887 4216; x_wconf 85' lang='grc'><strong>53.</strong></span> 
     </span>
    </p>
   </div>
   <div class='ocr_carea' id='block_1_8' title="bbox 360 4236 1215 4390">
    <p class='ocr_par' dir='ltr' id='par_1_8' title="bbox 360 4236 1215 4390">
     <span class='ocr_line' id='line_1_33' title="bbox 363 4236 1215 4310; baseline 0.014 -24"><span class='ocrx_word' id='word_1_277' title='bbox 363 4236 389 4296; x_wconf 82' lang='lat'><strong>2)</strong></span> <span class='ocrx_word' id='word_1_278' title='bbox 407 4237 460 4293; x_wconf 80' lang='lat' dir='ltr'><strong>cn.</strong></span> <span class='ocrx_word' id='word_1_279' title='bbox 478 4242 654 4293; x_wconf 83' lang='lat' dir='ltr'><strong>Aruswonrrn</strong></span> <span class='ocrx_word' id='word_1_280' title='bbox 672 4243 787 4296; x_wconf 78' lang='lat' dir='ltr'><strong>Trauels</strong></span> <span class='ocrx_word' id='word_1_281' title='bbox 805 4247 848 4308; x_wconf 89' lang='grc' dir='ltr'><strong>ΙΙ,</strong></span> <span class='ocrx_word' id='word_1_282' title='bbox 868 4249 925 4300; x_wconf 78' lang='lat'>141.</span> <span class='ocrx_word' id='word_1_283' title='bbox 947 4249 1005 4300; x_wconf 78' lang='lat'>143.</span> <span class='ocrx_word' id='word_1_284' title='bbox 1025 4275 1058 4286; x_wconf 86' lang='lat'><strong>-·</strong></span> <span class='ocrx_word' id='word_1_285' title='bbox 1076 4249 1104 4310; x_wconf 84' lang='lat'><strong>3)</strong></span> <span class='ocrx_word' id='word_1_286' title='bbox 1120 4246 1163 4308; x_wconf 88' lang='lat' dir='ltr'><strong>Il,</strong></span> <span class='ocrx_word' id='word_1_287' title='bbox 1181 4247 1215 4298; x_wconf 80' lang='grc'><strong>53</strong></span> 
     </span>
     <span class='ocr_line' id='line_1_34' title="bbox 360 4321 747 4390; baseline 0.021 -20"><span class='ocrx_word' id='word_1_288' title='bbox 360 4321 387 4384; x_wconf 84' lang='lat'><strong>4)</strong></span> <span class='ocrx_word' id='word_1_289' title='bbox 405 4323 515 4374; x_wconf 81' lang='lat' dir='ltr'><strong>Tucurns</strong></span> <span class='ocrx_word' id='word_1_290' title='bbox 535 4327 551 4374; x_wconf 94' lang='lat' dir='ltr'><strong>l.</strong></span> <span class='ocrx_word' id='word_1_291' title='bbox 569 4324 587 4375; x_wconf 94' lang='lat' dir='ltr'><strong>l.</strong></span> <span class='ocrx_word' id='word_1_292' title='bbox 607 4342 631 4390; x_wconf 88' lang='lat' dir='ltr'><strong>p.</strong></span> <span class='ocrx_word' id='word_1_293' title='bbox 644 4324 685 4378; x_wconf 83' lang='grc'><strong>55.</strong></span> <span class='ocrx_word' id='word_1_294' title='bbox 705 4329 747 4378; x_wconf 88' lang='grc'><strong>56.</strong></span> 
     </span>
    </p>
   </div>
   <div class='ocr_carea' id='block_1_9' title="bbox 0 0 1464 5098">
    <p class='ocr_par' dir='ltr' id='par_1_9' title="bbox 0 0 1464 5098">
     <span class='ocr_line' id='line_1_35' title="bbox 0 0 1464 5098; baseline 0 1"><span class='ocrx_word' id='word_1_295' title='bbox 0 0 1464 5098; x_wconf 95' lang='lat' dir='ltr'><strong> </strong></span> 
     </span>
    </p>
   </div>
  </div>
 </body>
</html>
