2918 5098
525 287 598 347 ΟΑΡ.
612 290 651 348 ll.
671 311 699 349 v.
713 295 739 348 5.
1138 287 1183 356 63

67 467 174 535 ῡνπνελν
201 473 283 532 faces
308 480 377 531 sunt
400 471 465 530 Iud.
486 468 690 547 V11,1e.20;
722 474 808 536 Sacb.
825 474 904 546 XII,
924 480 971 548 16,
997 495 1092 553 neque
1114 497 1184 536 vero

66 574 213 632 flammae
231 570 388 650 (Gustu).
403 606 439 614 —
456 572 614 633 Postremo
625 578 774 652 fulyarum
790 581 883 635 tuetur
899 585 1002 644 maun
1022 589 1115 652 urps:
1130 579 1183 638 cfr.

65 674 129 746 111,
151 679 169 731 2
204 690 275 735 uun
299 687 358 748 pu:
387 673 424 732 de
446 673 562 751 fulgore
584 676 710 750 dictum,
733 678 782 736 hic
804 688 902 737 autem
924 676 1083 738 celeritatis
1106 679 1186 738 valet

66 775 249 834 similitudo.
284 787 393 840 suurn
410 773 488 831 Pilel
505 794 532 834 a·
546 795 575 833 v·
594 791 647 852 ll*
666 797 796 850 currere,
821 795 893 855 ergo
910 777 1067 851 cursitare,
1090 798 1184 848 ruere,

65 895 167 951 neque
194 894 268 934 vero
285 874 362 932 Poet
384 893 410 932 a.
429 895 458 932 v.
485 891 546 936 aar
567 877 632 936 Iud.
646 879 693 951 X,
711 883 743 952 8,
769 879 971 957 confringere,
994 897 1118 952 vexare,
1141 881 1185 938 uti

65 977 195 1036 voluere
212 977 300 1048 Iure,
321 973 500 1049 Tannum,
523 976 705 1050 Prsonroa„
731 997 807 1057 quae
828 979 978 1056 fulgurum
1001 980 1184 1056 comparatio

67 1086 216 1137 constare
231 1095 293 1134 non
309 1083 416 1151 potest.

123 1167 368 1237 Consentaneum
384 1177 515 1236 maxime
537 1187 596 1252 est,
620 1180 699 1240 hunc
715 1199 834 1242 versum
858 1198 918 1240 non
944 1197 1029 1240 secus
1047 1200 1082 1240 ac
1099 1199 1185 1256 prae-

67 1279 228 1337 cedentem
245 1277 357 1336 referre
372 1277 411 1336 ad
427 1269 629 1339 Medorum'et
646 1281 882 1359 Babyloniorum
899 1281 1062 1352 exercitus3
1081 1281 1118 1338 de
1133 1281 1185 1340 iis·

68 1379 138 1436 dem
155 1380 266 1438 dicitur
283 1379 418 1438 curribus
436 1387 466 1436 et
482 1379 585 1439 eodem
605 1383 763 1458 splendore
779 1389 958 1460 apparatus3
982 1381 1079 1441 omnis
1096 1382 1185 1441 etiam

69 1478 289 1539 enuntiationis
306 1487 412 1538 natura
436 1480 536 1538 nescio
554 1482 626 1559 quid
642 1483 752 1542 habeat
774 1482 917 1542 victoriae
939 1490 969 1539 et
990 1482 1186 1554 certitudinis,

70 1599 137 1638 eum
151 1580 350 1658 Assyriorum
365 1580 401 1638 de
413 1579 578 1656 improviso
596 1597 808 1659 oppressorum
820 1581 952 1642 defensio
970 1599 1006 1639 ao
1018 1582 1186 1656 desperatio

70 1681 162 1758 louge
179 1681 269 1740 aliter
286 1680 478 1740 describatur.
506 1682 555 1741 De
571 1684 765 1761 Assyriorum
787 1681 983 1761 trepidatione
999 1680 1113 1757 primus
1136 1701 1185 1739 co-

71 1782 181 1857 gitavit
198 1781 448 1853 Tarouoaurus,
468 1801 534 1842 cum
551 1783 676 1844 diceret:
698 1771 767 1844 ἀπὸ
783 1776 850 1865 yolo-
866 1779 927 1842 τοῦ
947 1769 1100 1859 θορύβου
1121 1778 1186 1838 σῶν

72 1872 239 1942 ἐπιόντων
260 1873 430 1958 πολεμίων
451 1868 599 1963 ἷίχρησνα
620 1873 729 1944 πάντα
751 1873 940 1965 γενήσεται,
970 1868 1130 1960 ἀλλήλοις
1151 1875 1185 1940 ἐν

71 1981 144 2054 τοῖς
167 1972 265 2053 ὁδοῖς
287 1971 542 2058 συμπλεκόμενα
568 1977 625 2044 καί
646 1973 714 2045 ὑπό
739 1971 891 2066 ἀλλήλων
913 1969 1183 2058 σνμπατσόμενα·

73 2083 231 2161 sequentia
259 2089 357 2141 autem
385 2081 424 2140 ad
446 2085 638 2157 praeteritum
660 2092 776 2162 tempus
802 2084 907 2142 refert:
932 2073 990 2140 καὶ
1010 2069 1077 2161 μήν
1099 2095 1186 2161 φησι

73 2183 226 2262 γενναῖον
248 2171 371 2258 εἴχεται
394 2173 502 2242 πάλαι
516 2176 688 2266 φρόνημα,
712 2178 770 2245 καὶ
790 2177 829 2244 τό
848 2171 1028 2259 θυμοειδὲς
1042 2171 1099 2237 διὰ
1120 2175 1187 2236 τῶν

74 2270 267 2364 ὀφθαλμῶν
287 2274 461 2363 ἐδηλσῦσε,
485 2276 542 2342 καὶ
564 2266 637 2343 οἷόν
656 2299 726 2344 τισι
747 2271 901 2361 λαμπάσι
916 2274 973 2339 καί
995 2265 1187 2358 ἀστραπαῖς

74 2375 326 2460 ἐξεόειμανσῦτε
358 2373 436 2452 τσὺς
467 2370 655 2463 ὑπηκόους,
687 2369 758 2441 ἀλλ’
784 2376 827 2442 ἐν
843 2379 885 2464 τῇ
916 2376 982 2438 τῶν
1014 2367 1186 2452 πολεμίων

75 2584 202 2658 primam
214 2583 302 2642 baius
315 2582 478 2646 sententiae
494 2588 609 2657 partem
618 2581 961 2654 vrrmr.,Kr1,msxr.,
979 2581 1057 2654 Ew,
1071 2579 1185 2654 Urusa,

77 2683 143 2742 ideo
157 2683 238 2760 quod
258 2702 364 2760 parum
383 2681 540 2758 probabile
558 2681 611 2753 sit,
631 2683 734 2740 eadem
751 2681 878 2757 repetita
894 2699 960 2740 esse
978 2701 1054 2760 quae
1076 2681 1186 2738 habeat

78 2790 132 2842 v.4
148 2783 259 2861 (Knu.)
272 2816 309 2826 ·-
327 2792 358 2842 at
374 2802 429 2842 nec
445 2784 571 2860 repetita
588 2801 654 2842 esse
671 2791 700 2842 et
713 2782 804 2842 alium
821 2801 919 2840 rerum
936 2782 1034 2840 locum
1052 2781 1185 2858 cogitan-

79 2885 144 2944 dum
162 2884 332 2944 monuimus
339 2905 348 2956 3
372 2883 477 2942 deinde
492 2883 546 2942 vix
570 2883 696 2942 dixerim
720 2883 796 2957 „die
813 2901 906 2959 ganzo
924 2880 1119 2958 Schilderung
1135 2899 1186 2959 ge·
1229 2861 1234 2872 ⁵

79 2987 170 3047 wiunt
195 3005 234 3048 au
259 2985 472 3044 dramatiseher
493 2983 745 3060 Lebendigkeit“,
775 2984 801 3044 si
823 2985 923 3044 valeat
944 2984 1126 3044 enuntiatum
1149 2983 1186 3041 de

78 3086 231 3164 Assyriis,
254 3086 314 3144 imo
333 3093 446 3163 quanto
464 3093 494 3143 et
510 3085 639 3143 vividius
656 3094 686 3143 et
702 3085 883 3162 praeclarius
895 3085 1026 3146 hostium
1044 3085 1185 3144 exercitui

79 3187 228 3264 descripto
252 3191 311 3248 πθ
330 3205 371 3246 ss.
397 3185 506 3244 misera
531 3186 728 3262 Assyriorum
757 3187 918 3262 opponitur
941 3186 1093 3246 defensio?
1121 3185 1187 3244 Iam

79 3307 165 3361 vero,
186 3288 211 3346 si
228 3287 265 3345 de
276 3286 371 3346 Medis
389 3305 483 3363 aeque
500 3286 637 3344 dicuntur
653 3305 689 3346 ae
701 3306 729 3344 v.
741 3292 774 3360 4,
792 3294 822 3344 et
833 3286 892 3343 loci
905 3287 1051 3362 quaedam
1066 3293 1096 3342 et
1113 3274 1187 3348 tem-

79 3391 160 3463 poris
186 3387 344 3464 cogitanda
361 3386 526 3445 differentia
543 3387 613 3444 erit:
639 3402 734 3452 unuin
759 3403 819 3444 non
841 3393 980 3460 poterunt
1001 3385 1058 3443 nisi
1081 3385 1186 3441 subur-

80 3489 196 3548 biorum
212 3488 329 3564 plateae
347 3507 412 3548 esse
429 3487 557 3564 (Iusrr),
584 3487 647 3545 sive
663 3497 739 3560 'pars
756 3486 838 3544 urbis
854 3485 944 3544 latius
961 3495 1100 3554 extensa,
1126 3483 1187 3542 dis-

81 3589 241 3667 tinguenda
263 3589 300 3647 ab
324 3607 392 3649 arce
417 3595 447 3646 et
468 3587 551 3664 regia
574 3586 660 3645 vallis
682 3585 834 3661 murisque
854 3584 962 3642 fortius
987 3582 1186 3654 circumdata3

81 3691 185 3750 deinde
209 3690 292 3748 looos
315 3689 404 3750 etiam
430 3687 548 3746 differre
566 3703 691 3744 neeesse
715 3693 777 3756 est3
800 3703 869 3743 nam
892 3688 955 3742 v.4
977 3681 1149 3740 accedentes
1170 3701 1188 3738 e

81 3791 243 3868 longinquo
258 3790 419 3866 pinguntur
431 3789 549 3861 hostes,
568 3807 596 3855 v.
610 3790 626 3844 5
644 3786 775 3846 externis
792 3785 852 3844 iam
870 3783 953 3844 urbis
966 3781 1100 3860 partibus
1117 3799 1188 3857 eap-

81 3893 118 3951 tis
136 3892 174 3950 ad
192 3910 294 3950 muros
317 3908 412 3966 usque
429 3888 583 3966 progressi
608 3896 764 3965 apparent.
796 3885 994 3946 Continuatur
1010 3881 1117 3942 deinde
1133 3900 1188 3957 op-

82 3992 225 4070 pugnatio
247 4013 275 4050 u.
288 3985 331 4049 td
358 3999 387 4048 et
404 3993 460 4049 tu.
