2966 5090
315 367 388 410 nxvr
649 348 893 404 Paonuoonaua
919 345 992 405 Can.
1011 345 1066 402 111.

315 534 403 592 nibus
426 539 454 589 et
473 529 585 588 divitiis
603 529 740 588 evacuari
757 529 900 605 conspicit
922 549 950 586 v.
969 534 1016 586 6-
1029 532 1078 598 11,
1101 535 1190 603 atque
1207 525 1281 584 adeo
1303 524 1402 600 magni-

315 632 533 692 ficentissimam
552 632 653 690 urbem
671 631 850 690 destructam
867 630 962 688 iacere
980 637 1070 706 atque
1087 622 1251 686 desolatam
1269 646 1295 684 v.
1310 628 1402 682 12-14.

315 735 417 810 Atque
432 733 464 790 in
480 750 516 790 ea
532 732 631 805 specie
647 731 841 790 describenda
864 731 907 788 ita
923 738 1073 800 versatur,
1097 734 1144 800 ut,
1171 725 1403 804 quemadmodum

316 833 403 910 primi
419 831 525 907 capitis
541 831 627 888 initio
645 831 684 888 ad
700 831 812 889 fontem
828 830 929 888 iudicii
952 838 981 887 et
1004 829 1227 887 fundamentum
1251 825 1347 884 omnia
1366 843 1404 882 rc-

316 932 453 1003 vocavit,
470 931 513 988 ita
529 931 617 988 finem
635 931 682 988 hic
699 931 907 1006 praestitutum
924 931 1085 1005 praefigat,
1105 946 1183 1003 quo,
1202 946 1279 1004 quae
1293 944 1404 1001 sequan-

258 1017 260 1024 Ι
314 1041 373 1104 tur,
392 1031 452 1090 sint
467 1029 637 1089 reseranda:
663 1030 785 1090 Israelis
807 1031 885 1088 enim
907 1029 1078 1088 liberandae
1095 1045 1202 1086 caussa
1219 1034 1304 1086 tanta
1320 1026 1406 1085 clades

314 1129 457 1206 infligitur
479 1129 632 1205 Assyriis,
657 1129 708 1206 qui
731 1131 844 1190 frustra
864 1130 1067 1206 refragantur,
1093 1127 1247 1202 cumipse
1271 1126 1406 1185 Dominus

315 1229 428 1290 scelera
444 1245 515 1305 erga
532 1238 648 1305 gentem
666 1248 749 1288 suam
768 1229 926 1288 commissa
942 1229 982 1287 sit
998 1229 1123 1287 ulturus.

364 1327 443 1386 Tum
456 1346 544 1400 vero,
563 1327 669 1388 defixis
686 1329 717 1386 in
730 1337 860 1388 atrocem
873 1329 1031 1404 imaginem
1043 1327 1154 1404 ingenii
1168 1327 1279 1398 oculis,
1298 1341 1407 1385 caussas

313 1427 442 1504 primum
465 1428 565 1500 affert,
594 1430 672 1488 unde
699 1429 847 1487 excidium
872 1424 953 1488 iubis
975 1429 1165 1503 repetendum
1194 1429 1248 1499 sit,
1279 1446 1342 1502 cap.
1361 1424 1407 1491 ΙΙΙ,

314 1549 343 1586 v.
360 1533 426 1586 1-7.
450 1528 532 1588 Fieri
549 1528 627 1587 enim
644 1529 761 1608 nequit,
779 1530 851 1607 quin
869 1538 966 1589 truces
983 1527 1082 1588 sicarii
1100 1528 1277 1599 caedantur,
1296 1547 1324 1584 v.
1342 1527 1407 1592 1-3,

315 1629 456 1689 meretrix
473 1638 586 1702 autem,
606 1650 683 1708 quae
700 1630 869 1708 praestigiis
887 1630 950 1689 suis
967 1638 1069 1706 gentes
1086 1628 1232 1705 perdidit,
1258 1624 1410 1702 ignominia

315 1737 344 1786 et
361 1739 439 1789 tetra
455 1730 652 1788 denudatione
661 1732 909 1807 puniaturv.4-'l.
924 1733 970 1788 Ac
983 1749 1020 1787 ne
1032 1729 1099 1804 quis
1117 1727 1321 1788 concludendo
1337 1726 1409 1782 illam

315 1827 428 1886 cladem
445 1829 552 1886 coniici
575 1838 604 1886 et
626 1838 688 1888 tam
705 1839 855 1905 potentem
872 1837 987 1905 gentem
1004 1828 1085 1886 haud
1101 1828 1144 1887 ita
1166 1828 1253 1888 facile
1277 1823 1409 1885 debellari

315 1926 467 2000 opinetur,
491 1927 662 1985 Thebarum
684 1930 822 2004 exemplo
845 1928 1002 2004 proposito
1025 1948 1052 1985 v.
1067 1932 1171 2000 8-10,
1196 1927 1342 1998 ostendit,
1364 1926 1409 1981 hc·
1455 1957 1456 1966 ι

314 2025 518 2082 muncnlorum
540 2026 690 2100 praesidia
714 2035 744 2085 et
769 2027 972 2086 fortitudinem
995 2026 1125 2085 Domino
1155 2028 1335 2086 adversante
1363 2042 1410 2100 pro

313 2123 405 2182 nihilo
422 2141 487 2182 esse
504 2143 532 2182 v.
549 2129 609 2182 11-
620 2129 659 2182 13.
684 2127 764 2199 Imo,
790 2134 902 2203 quanto
925 2126 1061 2200 potentia
1078 2126 1122 2184 illi
1145 2136 1175 2185 et
1193 2127 1302 2202 opibus
1321 2134 1350 2185 et
1366 2143 1410 2182 nu·

312 2241 395 2281 mero
412 2223 568 2282 videantur
584 2225 714 2300 pollere,
738 2233 822 2284 tanto
844 2225 1061 2284 immensiorem
1079 2234 1222 2302 tantoque
1240 2227 1410 2285 atrociorem

312 2323 378 2382 fore
394 2323 507 2382 cladem
529 2325 674 2401 praedicit
694 2345 724 2384 v.
740 2331 853 2397 1447,
879 2326 921 2385 ita
944 2333 978 2383 ut
996 2326 1035 2383 ob
1054 2325 1158 2402 ingens
1176 2324 1335 2398 imperium
1354 2327 1409 2383 fun·

313 2423 392 2482 ditus
408 2424 536 2484 deletum
552 2425 721 2484 universnm
738 2426 898 2484 humanum
916 2443 1008 2502 genus
1025 2425 1155 2484 exsultet
1174 2429 1265 2500 atq'ue
1282 2424 1409 2492 laetetur,

312 2545 341 2583 v.
362 2527 402 2583 18.
423 2529 463 2583 19.

380 2623 465 2698 Quae
487 2645 552 2685 cum
575 2626 619 2685 ita
644 2626 717 2700 sint,
738 2645 827 2685 unam
851 2643 975 2700 eamque
998 2625 1144 2702 integram
1170 2623 1338 2684 orationem
1354 2633 1408 2682 toto

311 2725 390 2782 libro
407 2725 616 2801 comprehendi
633 2727 842 2801 intelligimus,
862 2725 1110 2800 quemadmodum
1129 2725 1264 2801 praefixa
1280 2723 1315 2783 in
1332 2723 1407 2783 titulo
1454 2699 1455 2734 Ι

311 2824 404 2882 verba
421 2825 549 2882 dilucide
564 2834 691 2882 monent.
718 2823 824 2898 Neque
841 2843 911 2880 vero
925 2825 1057 2882 Ewnnnr
1074 2825 1226 2902 sequenda
1241 2825 1321 2882 ratio
1337 2823 1410 2880 vide·

312 2930 370 2992 tur,
389 2922 501 2996 quiite
517 2929 724 2994 argumentum
743 2920 912 2993 distribuit,
931 2931 964 2980 ut
981 2931 1049 2980 octo
1066 2923 1222 2999 particulis
1235 2924 1344 3000 quinos
1355 2923 1410 2980 fere

311 3035 416 3076 versus
434 3017 651 3077 continentibus
674 3019 846 3076 vaticinium
870 3021 988 3080 absolvi
1012 3024 1181 3096 existimet3
1213 3043 1267 3081 nec
1289 3025 1409 3099 primum

310 3116 433 3176 alterius
450 3116 557 3194 capitis
574 3117 757 3176 enuntiatum
774 3120 871 3195 primo
891 3122 980 3196 capiti
998 3124 1162 3184 addendum
1182 3140 1352 3196 censemus,
1369 3119 1406 3180 uti

311 3217 494 3278 stateribus
510 3234 572 3274 non
588 3218 692 3292 paucis
708 3219 835 3295 placuit;
859 3221 966 3280 idonea
989 3225 1067 3282 enim
1086 3224 1295 3284 sententiarum
1315 3225 1407 3298 dispc-

309 3317 393 3390 sitio,
414 3337 504 3395 quam
519 3319 712 3394 proposuisse
729 3321 816 3379 nobis
833 3321 981 3397 videmur,
1000 3326 1131 3384 externis
1145 3326 1234 3384 etiarn
1247 3327 1329 3385 notis
1343 3341 1406 3382 con·
1451 3331 1452 3343 Ι

308 3419 458 3490 minatur,
487 3437 503 3477 e
526 3419 633 3496 quibus
655 3431 775 3496 praeter
798 3411 977 3482 simillimam
1001 3426 1075 3483 cc.I
1098 3435 1128 3484 et
1153 3427 1184 3484 ΙΙ
1210 3425 1406 3483 oeconomiam

308 3515 349 3591 (5.
367 3519 393 3575 5.
410 3521 443 3590 33
461 3521 488 3578 b.
507 3524 532 3578 6.
550 3521 592 3597 3.)
614 3539 704 3579 unum
721 3522 796 3582 illud
812 3523 963 3584 afferimus
987 3541 1044 3590 “tw
1065 3540 1129 3588 mm
1151 3521 1238 3597 tabl,
1259 3531 1307 3597 14,
1334 3521 1407 3602 quod
1450 3521 1451 3548 Ι

307 3627 431 3678 resonat
445 3619 508 3680 fere
525 3620 557 3679 in
574 3640 622 3679 vv.
641 3637 697 3687 arv
717 3637 803 3684 man
825 3619 865 3686 ab
886 3624 932 3697 11,
953 3631 993 3683 14.
1449 3687 1450 3690 ,

1449 3711 1450 3751 ι

601 3869 626 3946 i.
645 3874 670 3928 7.
696 3884 900 3936 namucus
918 3887 1107 3938 varmum.
1448 3897 1449 3954 l

357 4015 447 4089 Quod
464 4015 490 4074 si
507 4013 625 4076 Indaeis
641 4018 846 4078 liberationem
864 4022 902 4080 ab
920 4022 1056 4099 Assyriis
1073 4027 1218 4098 futuram,
1242 4026 1289 4084 his
1312 4034 1403 4084 autam
1447 4073 1448 4098 ἶ

304 4114 456 4180 interitum
472 4131 567 4191 prope
583 4117 742 4178 instantem
760 4119 886 4183 vidimus
905 4123 1035 4182 nuntiari
1041 4126 1265 4200 ,praeclarae'
1255 4145 1316 4184 ram
1335 4123 1403 4184 vati·
1447 4099 1448 4159 Ι

305 4213 450 4272 ciniorum
472 4216 510 4273 ab
534 4216 601 4276 aliis
626 4228 715 4277 antea
738 4217 882 4278 editorum
901 4241 1028 4284 coronae
1045 4227 1192 4285 cumulum
1210 4226 1299 4286 adiici
1316 4242 1402 4302 appa·

304 4320 358 4371 ret.
389 4313 446 4373 Est
461 4315 538 4373 enim
556 4335 708 4377 commune
731 4319 805 4377 illud
823 4330 941 4397 ratum,
965 4326 1015 4402 qui
1040 4345 1094 4402 per
1110 4327 1285 4404 Assyriam,
1319 4340 1400 4404 quam
1446 4285 1447 4361 Ι
