2918 5098
466 298 476 315 .
518 254 752 327 olannus.
1146 255 1192 324 93

90 440 204 498 liohkeit
228 440 284 498 der
298 439 426 497 Leiohen
450 440 721 513 remunerantem,
746 439 940 500 sohioklioher
962 443 1039 500 olme
1060 444 1110 507 die
1133 444 1192 505 Oo-

89 543 155 616 pula
172 543 297 612 steht;“
315 541 407 598 tutius
425 540 482 609 etit
497 539 653 599 lectionem
671 543 787 620 aliquot
803 543 875 602 libb.
890 541 962 602 Mss.
982 553 1012 602 et
1030 546 1191 608 editionum

90 643 167 718 sequi
183 641 252 718 (cfr.
269 642 293 699 I.
307 641 348 699 H.
362 642 456 698 Mrcu.
475 650 576 700 annot.
595 651 625 702 et
637 643 938 704 Rosnunumnnnun
951 664 978 702 a.
992 645 1021 702 h.
1036 646 1072 722 l.)
1089 642 1188 728 niman

89 745 127 800 nti
142 743 186 814 Π,
206 747 238 816 6,
262 743 317 800 fut.
336 743 402 814 Ni,
426 743 474 800 oui
491 744 672 802 contrarium
690 765 755 804 esse
773 746 891 822 nequit,
915 746 994 822 quod
1013 746 1104 806 Hmz.
1123 715 1190 823 spe-

86 845 156 902 eiem
172 844 223 902 Ni.
242 843 373 902 maxime
389 863 444 918 per
461 843 682 904 similitudinem
701 847 848 906 enuntiari
865 847 1030 919 contendit,
1055 867 1124 909 uam
1142 849 1192 908 bie

85 963 200 1022 quoqne
217 945 362 1003 translate
379 944 481 1020 potius
499 944 609 1002 dietum
628 947 763 1020 videtur,
792 956 821 1006 et
843 947 1023 1023 respondere
1046 951 1191 1026 quodam·

83 1047 169 1103 modo
186 1066 236 1104 vv.
256 1061 335 1120 nup·
350 1059 425 1120 tint,
450 1043 536 1103 sicuti
563 1046 732 1108 Lornunus
755 1047 897 1108 reddidit:
921 1049 1013 1123 „dass
1031 1069 1098 1108 man
1118 1053 1191 1110 uber

80 1147 143 1204 ihre
159 1146 339 1206 Leichname
355 1145 446 1205 fallen
464 1150 577 1206 muss.“

544 1504 731 1560 laud-7.

128 1653 191 1712 Iam
212 1671 282 1710 vero
300 1661 383 1712 vates
400 1663 542 1712 renouata
557 1653 589 1711 in
611 1654 784 1712 memoriam
809 1661 910 1712 mutae
936 1656 1045 1731 sttagis
1071 1675 1187 1730 caussa,

77 1754 252 1818 immanium
267 1754 447 1830 flagitiorum
465 1753 698 1826 multitudinem,
717 1754 807 1814 soorti
825 1755 953 1831 imagine
972 1757 1116 1830 adhibita,
1129 1760 1189 1816 As-

73 1857 223 1931 syriorum
247 1855 359 1913 soeleru
383 1855 414 1912 in
438 1863 541 1932 gentes
563 1864 734 1931 perpetrata
757 1857 900 1931 proponit
918 1877 945 1916 v.
964 1863 997 1932 4,
1024 1859 1092 1916 dein
1123 1859 1189 1916 fore

77 1966 231 2016 asseverat
252 1964 286 2014 ut
308 1956 473 2032 ignominia
496 1975 598 2014 eorum
616 1957 734 2032 publice
751 1977 770 2016 u
786 1957 919 2016 Domino
938 1961 1120 2020 exercituum
1138 1955 1189 2018 de-

76 2067 195 2134 tegatur
213 2078 240 2115 v.
255 2061 281 2129 5,
298 2057 358 2133 ipsi
374 2058 404 2114 in
422 2057 640 2116 atrocissimum
658 2067 720 2118 tam
734 2067 920 2135 peecatorum
940 2081 968 2118 v.
983 2066 1106 2139 dquam
1119 2081 1188 2137 sup·

75 2160 155 2234 plioii
174 2160 283 2217 abeant
300 2158 467 2234 exemplum
486 2179 514 2216 v.
528 2163 554 2215 7.

597 2432 623 2468 v.
641 2416 666 2468 4.

123 2563 250 2637 Propter
272 2563 475 2620 multitudinem
497 2566 699 2620 scortationum
721 2565 821 2630 morti,
847 2571 979 2620 venustae
1000 2566 1185 2637 pretiositate,

73 2669 226 2739 mapietrae
238 2667 475 2738 praeettplaram,
498 2681 570 2738 qaae
588 2662 722 2720 vendebat
734 2665 855 2738 populor
871 2667 977 2737 stupra
994 2668 1052 2721 auia
1075 2674 1101 2722 et
1116 2666 1183 2738 'pen-

74 2775 113 2823 tes
133 2769 301 2840 praeutlpt'iu
321 2768 387 2822 eale.
439 2763 638 2824 Scortationis
669 2763 830 2822 similitudo
861 2764 986 2824 diversis
1016 2763 1184 2824 rationibus

73 2866 221 2926 translata
236 2866 267 2924 iu
284 2867 316 2924 ll.
334 2885 374 2926 ss.
389 2866 550 2942 reperitur3
575 2865 718 2940 primum,
742 2875 776 2924 ut
801 2865 945 2924 defectum
963 2885 982 2924 a
998 2866 1130 2924 Domino
1154 2877 1184 2924 et

72 2967 273 3026 idololatriam
291 2967 450 3042 signitinet,
469 2967 599 3026 maxime
617 2968 653 3026 de
667 2966 778 3026 Israele
795 2967 921 3040 dietum,
940 2968 1100 3026 secundnm
1114 2987 1183 3026 oon·

72 3068 144 3145 iugii
162 3068 321 3144 imaginem
344 3069 376 3126 in
394 3067 519 3126 Gaudeo
542 3069 712 3144 expositum
737 3077 767 3127 et
783 3068 904 3142 Hoseae
926 3078 1045 3144 praeter
1069 3077 1184 3129 ceteros

73 3171 224 3230 usitatum.
251 3170 297 3228 Ita
314 3183 449 3230 nostrum
466 3171 564 3228 looum
581 3170 793 3246 interpretatus
811 3180 857 3230 est
875 3169 1033 3242 Gitonem
1060 3181 1092 3230 at
1109 3171 1183 3228 nihil

70 3271 118 3329 hio
144 3273 181 3330 de
205 3271 284 3349 uultu
308 3271 445 3352 deorum,
470 3271 543 3328 nihil
566 3272 603 3329 de
626 3272 767 3342 destituta
791 3271 838 3328 dei
855 3272 948 3330 'unios
971 3271 1093 3346 verique
1115 3273 1182 3330 reli-

71 3373 168 3448 gione.
195 3372 260 3430 imo
278 3372 372 3430 altera
390 3371 590 3431 similitudinis
608 3373 685 3430 ratio
704 3371 876 3445 accipienda
893 3381 952 3442 est,
973 3389 1078 3448 qnam,
1103 3373 1183 3428 refu-

71 3483 134 3532 tata
149 3472 266 3532 Gnorn
278 3473 433 3549 opinione,
447 3473 581 3550 praecise
594 3471 727 3530 definivit
737 3471 894 3528 Hunosrn.
908 3473 934 3528 A
938 3489 1005 3546 poe.
1018 3471 1065 3544 Il,
1079 3491 1108 3547 p.
1118 3475 1181 3530 145:
1206 3503 1208 3508 ·

71 3576 142 3646 „die
167 3575 199 3632 in
223 3575 276 3634 das
299 3573 437 3634 Gewand
460 3575 514 3632 der
536 3573 628 3632 Liebe
650 3572 712 3632 siah
735 3571 874 3630 hiillende
895 3572 955 3630 und
980 3581 1065 3632 unter
1087 3572 1181 3630 ihrem

71 3673 427 3753 Scheine-Befriedigung
440 3677 492 3736 des
505 3675 627 3752 eigenen
641 3671 781 3732 Geldstes
799 3672 945 3732 suahende
962 3671 1180 3732 Selbstsueht“

71 3775 241 3854 Cogitanda
264 3786 333 3836 sunt
354 3778 447 3854 igitur
464 3777 592 3850 „dolosa
614 3776 735 3834 foedera
751 3774 819 3848 illa,
832 3772 952 3851 „quibus
978 3773 1053 3832 alias
1078 3782 1181 3848 gentes

71 3879 108 3936 ad
126 3897 159 3938 se
176 3886 387 3953 pertraxerunt
403 3879 525 3955 Assyrii
542 3886 572 3938 et
588 3878 646 3936 sibi
663 3877 783 3936 tandem
801 3875 1022 3948 subiecerunt,“
1043 3877 1181 3946 Annum,

71 3976 185 4050 Canu,
215 3979 240 4037 Ι.
259 3979 297 4038 D.
316 3981 427 4052 Mmm,
453 3979 593 4050 Kanum,
617 3979 736 4052 Mnun„
754 3977 875 4050 Unum,
897 3977 987 4036 Hmz.
1006 3977 1056 4036 all.
1096 3975 1183 4049 Quae

71 4076 276 4156 interpretatio
296 4099 385 4156 quam
404 4081 443 4140 sit
459 4080 567 4138 idonea
582 4089 612 4138 et
628 4080 713 4138 unioe
731 4080 818 4140 simul
836 4078 1032 4150 admittenda,
1057 4097 1074 4135 e
1090 4077 1181 4136 oolla-

71 4179 108 4238 tis
125 4201 174 4240 vv.
190 4186 202 4238 l
222 4190 252 4240 et
269 4186 317 4239 4-
328 4188 360 4255 7,
385 4182 540 4259 magisque
564 4181 652 4240 etiam
670 4201 687 4238 e
705 4180 827 4257 reliquis
845 4199 949 4240 versus
968 4179 1064 4240 nostri
1081 4179 1181 4238 verbis

72 4282 144 4340 satis
162 4301 311 4359 superque
328 4292 463 4361 apparet,
490 4283 514 4341 l.
528 4282 568 4340 H.
585 4281 696 4352 an„
714 4281 867 4340 Kntmsn.
886 4289 1044 4356 utrumque
1061 4299 1180 4340 sensum
