2918 5098
522 297 595 358 Car.
610 297 656 370 11,
675 319 703 358 v.
718 303 744 357 7.
1139 301 1186 372 67

75 483 181 544 mentIa
207 491 326 560 posset,
356 483 447 542 scutis
472 483 610 542 nimirum
634 483 797 547 maioribus
821 483 904 544 illis¹
930 485 996 544 solo
1020 489 1185 568 iuligeudis,

75 587 183 664 quibus
203 585 264 643 tela
284 583 451 660 ingruentia
474 583 635 643 defendunt
658 585 821 661 sagittarii3
844 594 876 644 at
893 588 931 645 ab
956 586 993 648 iis
1010 607 1070 648 non
1088 599 1187 652 tauto·

74 707 141 764 pere
159 685 326 744 timendum
345 693 409 742 erut
426 685 622 762 oppugnatio
647 687 743 746 omnis
761 695 858 746 autern
877 689 1087 749 sententiarum
1112 695 1186 751 ordo

74 797 161 865 atque
186 803 366 863 progressus
388 785 555 844 machinam
576 786 707 863 aliquam
725 787 838 864 arguit,
863 806 940 863 quae
958 808 1104 850 summum
1126 793 1187 854 illis

74 899 219 946 terrorem
243 886 390 957 iniiceret;
414 887 520 945 deiude
544 895 699 964 portarurn
722 889 882 963 patefactio
906 890 1061 950 confestim
1084 893 1187 953 addita

74 994 128 1048 ν.7
147 987 328 1048 testudinem
346 988 514 1046 arietariam
530 988 651 1065 exigere
666 989 792 1048 uidetur.
819 989 888 1064 Quo
905 989 936 1048 in
952 1009 1058 1068 genere
1075 1013 1114 1053 ex
1126 997 1187 1054 As·

75 1090 227 1167 syriorum
244 1096 392 1166 apparatu
408 1088 515 1148 bellico
541 1106 601 1148 non
618 1097 727 1148 temere
744 1089 946 1149 concludendo
964 1091 1076 1171 aliquid
1098 1095 1187 1154 elicu-

75 1191 136 1250 isse
156 1190 294 1248 videmur
316 1189 353 1248 de
374 1189 469 1248 Medis
492 1197 522 1248 et
541 1189 719 1267 Babyloniis
726 1211 735 1262 ;
759 1190 1006 1250 considerandum
1028 1203 1075 1254 est
1097 1196 1185 1270 enim,

76 1292 216 1350 diuturno
239 1289 356 1366 imperii
378 1290 497 1348 vinculo
520 1299 550 1349 et
571 1309 687 1350 morum
711 1291 916 1351 communione
938 1311 990 1354 eos
1007 1311 1074 1354 cum
1090 1299 1188 1374 Assy-

75 1391 126 1452 riis
143 1392 239 1452 fnisse
260 1399 413 1450 contentos
419 1412 428 1463 3
452 1399 514 1450 tum
537 1410 610 1451 vero
627 1393 814 1470 Babylonios
831 1393 959 1454 admotis
976 1396 1108 1458 turribus
1131 1415 1187 1476 op·

76 1494 145 1569 pida
163 1511 357 1570 oppugnasse
374 1492 482 1552 scimus
500 1493 552 1550 cfr.
569 1493 626 1552 Ies.
643 1493 769 1566 XXIII,
789 1496 829 1552 13.

123 1595 190 1652 lam
206 1612 276 1652 vcro
295 1593 457 1652 cavendum
468 1593 598 1667 videtur,
616 1613 653 1652 ne
670 1594 816 1654 sententIa
833 1601 937 1652 nostra
954 1594 1086 1655 fundibus
1104 1617 1187 1656 erer-

76 1703 163 1754 tatur.
201 1693 283 1752 Nam
300 1695 381 1772 quod
396 1693 597 1753 Kscrusmuu
614 1693 782 1770 prohibuit,
801 1693 959 1771 quominus
977 1695 1013 1754 de
1030 1697 1186 1755 testudini·

76 1797 129 1855 bus
147 1795 309 1872 cogitaret,
328 1795 468 1854 oronam
488 1795 554 1854 dico
572 1795 662 1854 verba
679 1793 719 1868 II,
737 1797 781 1867 tt,
799 1795 944 1853 eiusmodi
961 1795 1112 1855 machinas
1130 1799 1186 1857 sub

77 1899 196 1956 Arbace
221 1896 352 1954 nondum
374 1895 468 1955 fuisse
493 1897 645 1969 inventas,
674 1896 753 1954 idem
777 1894 933 1954 Hosunuo
948 1893 973 1970 ¹,
1003 1915 1068 1955 cum
1092 1899 1187 1959 oculis

78 1998 135 2057 suis
160 1998 193 2055 in
212 1996 428 2073 antiquissimis
450 1998 540 2058 etiem
557 1998 752 2075 Assyriorum
775 1997 972 2058 monumentis
988 1998 1089 2059 uarias
1108 2001 1186 2060 eius-

76 2099 155 2158 modi
174 2098 289 2174 species
306 2098 504 2174 conspiceret,
531 2100 681 2176 egregium
698 2097 858 2175 singularis
875 2098 1038 2159 sententiae
1053 2119 1125 2161 suae
1141 2101 1187 2160 ri-

77 2200 160 2258 detur
180 2201 402 2272 documentum,
428 2217 466 2258 ex
483 2219 543 2277 qua
559 2208 750 2259 monumenta
766 2219 860 2276 nuper
876 2209 995 2276 reperta
1011 2219 1072 2260 non
1089 2205 1187 2278 Assy·

76 2299 187 2358 riorum
205 2300 257 2358 sed
275 2299 434 2358 Persarum
458 2319 523 2360 esse
541 2301 689 2377 opinatur.
716 2301 827 2358 Verum
844 2318 911 2358 cum
928 2307 974 2358 tot
991 2301 1058 2361 aliis
1082 2321 1122 2362 ex
1139 2319 1186 2361 re·

77 2402 129 2461 bus
147 2399 286 2478 AssyriIs
302 2401 355 2459 illa
372 2401 568 2460 adscribenda
591 2419 656 2460 esse
673 2408 788 2460 constet
808 2407 838 2458 et
854 2407 972 2476 tempus
990 2419 1091 2460 eorum
1111 2404 1186 2462 satIs

78 2503 213 2562 videatur
230 2510 378 2575 constare,
396 2501 570 2578 petitionem
582 2501 737 2577 principii,
757 2517 847 2576 quam
861 2500 952 2572 aiunt,
971 2519 1032 2559 non
1051 2503 1184 2560 commit·

78 2612 186 2676 umus,
206 2602 232 2662 si
249 2622 351 2662 eorum
369 2603 546 2662 auctoritate
559 2602 700 2660 Drooour
716 2597 727 2634 ⁸
742 2600 835 2659 verba
851 2597 973 2658 refutari
991 2608 1021 2658 et
1037 2601 1185 2661 Horren

79 2705 165 2763 simul
181 2704 341 2765 arbitraria
357 2711 524 2762 commenta
540 2702 662 2780 explodi
679 2701 898 2760 contendamus.

130 2804 213 2880 Quae
230 2823 296 2864 cum
318 2807 362 2864 ita
379 2805 455 2878 sint,
480 2823 599 2864 versum
615 2804 742 2875 huncce,
766 2819 923 2878 perperam
939 2807 1035 2860 totum
1057 2801 1185 2860 relatum

81 2906 116 2963 ad
131 2906 278 2983 Assyrius
297 2907 335 2964 ab
359 2903 826 2978 H1ua0uru0,Trrsoooun10,
850 2900 1003 2976 Omitto,
1027 2903 1185 2976 Masone,

80 3006 189 3080 Tuast,
207 3007 286 3080 lura,
303 3007 382 3080 Ew,
399 3006 513 3079 Ursas,
530 3006 633 3079 Hrrz,
653 3005 696 3064 ite
712 3006 824 3083 optime
841 3003 1048 3080 disponemus,
1073 3012 1107 3062 nt
1125 3012 1187 3064 tres

80 3109 192 3184 priores
209 3107 370 3184 particulas
389 3107 428 3166 ad
445 3108 514 3167 illos
531 3107 666 3184 quidem,
686 3115 822 3184 quartam
841 3113 938 3165 autem
957 3105 995 3164 ad
1013 3105 1186 3166 coniunctas

80 3209 232 3269 Medorum
250 3217 279 3268 et
296 3208 532 3286 Babyloniorum
550 3208 653 3285 copias
671 3208 803 3268 dicamus
820 3205 977 3283 pertinere.

603 3481 631 3518 v.
649 3463 675 3517 7.

129 3614 241 3671 Portus
252 3613 406 3686 fluot'crrtm
417 3615 600 3687 aperiuntur,
618 3619 644 3668 et
651 3609 795 3684 palatium
808 3607 921 3681 ditssuit.
956 3605 992 3662 Iu
1006 3603 1188 3663 enucleanda

82 3712 266 3773 vexatissimi
282 3711 369 3770 huius
386 3713 533 3772 enuntiati
550 3707 697 3772 sententia
713 3706 882 3783 religiosius
901 3705 1081 3781 sequendam
1099 3703 1187 3762 nobis

132 4002 157 4063 1)
174 4001 228 4052 Cir.
245 4001 359 4060 urano.
376 4001 420 4063 fig.
432 4001 479 4061 tt;
496 3995 595 4048 Beuum
612 4013 637 4062 p.
653 3997 712 4048 276.
724 3997 783 4048 278.
795 3995 854 4048 320.
877 3994 923 4046 cir.
942 4005 1019 4057 supra
1034 4005 1059 4056 p.
1069 3990 1101 4042 tt
1111 3994 1165 4038 unt.

130 4085 156 4147 2)
174 4086 282 4136 chrsu
296 4082 432 4146 Phenica,
449 4080 578 4146 chaldea,
596 4084 705 4148 Assyrie
723 4088 756 4132 ct.
773 4097 798 4146 p.
812 4079 871 4131 319.

134 4169 161 4232 3)
178 4169 211 4220 Iu
230 4169 356 4220 eiusmodi
372 4169 449 4220 rebus
467 4183 543 4232 quam
561 4175 635 4219 caute
655 4175 769 4218 veterum
787 4166 937 4230 scriptorum
953 4160 1100 4212 testimonia
1118 4155 1190 4207 audi·

84 4253 148 4304 enda
164 4257 228 4318 sint,
246 4253 340 4306 docent
350 4255 484 4306 Hmouorr
502 4267 602 4304 errores
618 4252 650 4303 de
669 4260 726 4302 arte
741 4252 838 4316 crispos
855 4261 932 4312 cupro
951 4245 1081 4306 variandi,
1098 4242 1131 4292 da
1148 4255 1190 4292 oa·

83 4341 184 4403 tepultis
201 4347 233 4392 ct.
252 4341 296 4390 cfr.
315 4339 403 4392 Gutus
421 4340 531 4404 Assyria
547 4353 572 4404 p.
584 4339 643 4389 295.
656 4339 714 4387 302.
726 4336 785 4386 303.
798 4334 857 4384 305.
950 4415 988 4462 5·
