2966 5090
480 1147 681 1220 carun·
709 1151 789 1220 111.

378 1265 438 1362 nn
462 1257 680 1368 vurrcuuo
710 1303 881 1368 uluuur.

584 1471 685 1481 ——0-0

281 1641 307 1715 ᾗ.
327 1645 351 1697 6.
378 1653 507 1704 BREVIS
523 1647 744 1706 'ARGUMENTI
764 1655 985 1708 PROPOSITIO.

86 1781 242 1881 Quoniam
265 1813 496 1888 explicavimus,
529 1815 693 1874 cuiusmodi
715 1817 806 1874 fuerit
828 1835 926 1874 rerum
950 1817 1136 1876 Iudaicarum
1160 1826 1190 1878 et

20 1959 21 1962 η
85 1914 275 1990 Assyriorum
293 1915 440 1987 conditio,
459 1915 497 1972 ad
516 1935 605 1992 qoam
623 1917 700 1975 vatis
718 1917 847 1992 pertinet
864 1917 978 1990 oratio,
997 1919 1101 1994 paucis
1127 1919 1188 1978 iam

85 2021 285 2088 argumentum
303 2014 365 2072 eius
382 2015 498 2073 videtur
514 2015 772 2092 perstringendum
790 2036 864 2077 esso.
890 2018 926 2076 ld
944 2019 1027 2094 quod
1051 2019 1139 2078 facile
1155 2020 1186 2077 in

84 2123 139 2172 tres
156 2095 334 2172 descrilritur
349 2123 467 2190 partes,
486 2116 605 2174 easdem
621 2116 707 2190 illas,
727 2137 802 2195 quas
820 2118 950 2193 capitum
970 2118 1117 2178 divisione
1128 2125 1187 2176 'no-

84 2222 156 2273 tatas
181 2234 202 2272 a
224 2214 361 2290 patribus
385 2215 566 2291 accepimns3
596 2234 673 2291 quae
695 2218 738 2276 ita
759 2218 837 2276 inter
864 2237 896 2276 se
922 2219 1124 2292 eontinentur,
1155 2226 1189 2276 ut

84 2314 175 2387 primo
201 2315 298 2391 eapite
321 2315 476 2394 universae
501 2316 602 2374 iudicii
625 2317 662 2374 de
678 2316 760 2376 Nino
780 2318 963 2394 exsequendi
980 2326 1188 2394 proponantur

85 2415 225 2487 rationes,
252 2415 346 2472 altero
364 2425 461 2474 autem
477 2416 573 2491 ipsius
591 2416 754 2475 eversionis
772 2417 934 2474 delineatur
958 2418 1074 2493 imago,
1098 2418 1186 2475 tertio

85 2512 208 2591 denique
219 2533 341 2574 caussae
355 2516 463 2573 excidii
475 2525 505 2574 et
514 2515 659 2574 certitudo
672 2524 702 2572 et
714 2515 887 2591 magnitudo
900 2516 1094 2591 explicentur.
1171 2541 1174 2544 ·

96 2673 104 2680 ,
132 2616 179 2671 Ao
200 2615 326 2689 primum
351 2616 486 2693 quidem,
516 2615 657 2692 quoniam
684 2633 770 2672 omne
791 2615 1003 2690 prophetarum
1034 2631 1186 2680 sacrorum

82 2732 189 2772 munus
211 2714 241 2772 in
265 2715 330 2791 lege
351 2724 487 2775 versatur
512 2715 690 2792 explicanda
717 2723 808 2792 atque
830 2714 1022 2786 inculcanda,
1053 2723 1138 2774 vates
1168 2734 1188 2772 a

84 2832 197 2873 summa
213 2815 305 2892 legis,
328 2817 393 2874 nelo
410 2814 533 2874 Domini
551 2824 581 2875 et
598 2816 716 2892 energia
725 2816 743 2888 ¹,
769 2815 920 2891 profectus
945 2831 975 2872 v.
989 2820 1022 2887 2,
1040 2819 1099 2887 3e,
1124 2814 1188 2872 uni·

83 2933 197 2974 versam
214 2915 315 2976 iudicii
332 2917 424 2976 dirirn
443 2925 594 2988 naturam,
619 2925 648 2975 et
672 2917 744 2992 quid
767 2917 804 2976 ab
830 2935 865 2974 eo
890 2915 1026 2974 homines
1044 2923 1073 2974 et
1089 2933 1188 2974 rernm

83 3023 187 3074 natura
222 3017 340 3074 omnino
375 3017 542 3093 patiantur,
585 3017 819 3076 luculentissima
851 3016 980 3093 imagine
1014 3015 1189 3092 perstringit

82 3133 107 3170 v.
122 3116 164 3172 3b
175 3149 196 3158 -
207 3120 238 3187 ὃς
257 3123 334 3188 tum,
353 3117 425 3193 quid
442 3116 511 3174 inde
528 3125 646 3174 maneat
661 3118 745 3192 regni
763 3117 855 3175 divini
874 3117 972 3188 cives,
996 3116 1069 3193 quid
1085 3117 1187 3175 hostes

82 3214 159 3287 eius,
183 3215 305 3274 uberius
318 3218 409 3285 docet
426 3237 454 3276 v.
469 3220 575 3274 7-11:
600 3216 747 3276 Dominus
765 3217 858 3288 enim,
882 3217 934 3292 qui
956 3217 1113 3290 zelotypus
1130 3224 1185 3286 est,

80 3313 156 3372 idem
182 3316 281 3374 bonus
304 3327 363 3389 est,
387 3325 478 3393 atque
504 3317 578 3376 adeo
596 3317 724 3376 Iudaeos
747 3326 777 3376 et
799 3316 967 3392 quicunque
989 3333 1074 3375 suam
1096 3314 1127 3373 in
1151 3331 1187 3372 eo

80 3413 219 3474 fiduciam
235 3416 382 3476 collocare
399 3417 510 3488 valent,
534 3435 586 3475 eos
604 3418 642 3474 ab
661 3416 890 3492 oppressoribus
915 3415 1046 3474 vindieat
1052 3435 1061 3485 3
1083 3415 1186 3474 hostes

80 3523 178 3573 autern
196 3533 300 3574 omnes
316 3517 504 3594 maximeque
522 3516 683 3592 Assyrios,
709 3515 843 3574 funditus
861 3514 974 3572 evertit.
1003 3515 1111 3590 Itaque
1127 3522 1188 3574 sta·

81 3621 177 3672 tutum
200 3615 248 3673 dei
271 3617 425 3676 consilium
449 3617 485 3674 de
509 3615 734 3692 exstinguendis
759 3613 893 3690 Assyriis
921 3620 951 3670 et
972 3613 1085 3670 Israele
1114 3614 1188 3672 libe-

79 3715 175 3774 randa
192 3717 276 3775 brevi
294 3717 439 3776 sententia
456 3717 624 3775 declaratur
642 3736 670 3772 v.
689 3719 748 3770 12-
759 3719 800 3771 14.

130 3815 194 3873 Vix
213 3823 310 3875 autem
329 3819 480 3877 enuntiato
498 3815 621 3875 Domini
639 3816 741 3886 iussu,
759 3812 914 3872 confestim
933 3811 1083 3871 tremende
1100 3811 1190 3870 simul

79 3922 109 3971 et
131 3915 278 3975 laetanda·
298 3918 411 3994 speeies
436 3919 534 3976 enimc
559 3916 623 3975 cius
647 3924 737 3991 atque
760 3914 852 3972 oculis
877 3913 1009 3971 offertur.
1045 3911 1189 3971 Exercitu

79 4015 161 4072 enim
176 4017 330 4091 praeclaro
348 4017 511 4078 aDomino
530 4018 568 4076 od
585 4015 794 4074 vindicandam
811 4014 932 4073 Israelis
945 4012 1118 4090 dignitatem
1133 4030 1189 4069 *ex-

78 4114 173 4172 citato
191 4117 305 4195 capgll,
319 4137 346 4175 v.
362 4121 446 4189 1-5,
473 4117 585 4176 Ninum
610 4117 776 4192 expugnari
801 4114 945 4190 primum,
970 4113 1073 4172 deinde
1095 4111 1190 4172 homi·

134 4341 163 4402 1)
179 4340 231 4390 cfr.
249 4341 333 4390 laroc.
351 4341 419 4402 XX,
439 4342 462 4390 5.
490 4341 567 4390 Dent.
584 4340 615 4401 V,
633 4341 657 4390 9.
952 4416 969 4450 v

1224 2509 1237 2538 Ι
