2966 5090
505 945 706 1040 cerus·
733 951 792 1021 n.

132 1101 190 1164 nn
208 1098 352 1166 annun
370 1097 645 1169 umncruum
657 1105 714 1169 rr
729 1075 1002 1174 assmnnun'
1015 1105 1170 1184 suurn,

342 1200 462 1279 acan
478 1203 677 1272 srsorrr
695 1206 956 1274 vrucmuu.

601 1375 702 1384 -ι--ι-

316 1545 357 1622 p.
374 1551 400 1604 4.
428 1559 477 1608 mc
495 1561 720 1614 ceremonia
739 1549 968 1614 messorium

96 1687 222 1784 Sacros
238 1717 441 1778 Israelitarum
459 1722 623 1798 propbetas
638 1731 757 1784 constet
773 1742 833 1782 non
851 1731 960 1784 temere
974 1735 1028 1782 nec
1039 1722 1122 1782 nulia
1135 1741 1205 1799 pro·

95 1828 220 1879 vocatos
245 1819 401 1880 occasione
424 1829 454 1879 et
475 1823 653 1882 necessitate
674 1823 767 1883 luisse
783 1823 979 1898 vafidnatos,
1004 1841 1107 1882 verum
1125 1841 1205 1882 snm·
1238 1895 1241 1902 Ι

96 1920 155 1980 mis
179 1919 317 1995 deinceps
334 1922 539 1996 temporibus,
563 1941 629 1981 cnm
653 1925 822 2000 respublica
843 1923 874 1983 in
896 1901 1031 2001 peridnlo
1054 1930 1084 1981 et
1100 1922 1204 1982 discri-

97 2020 178 2078 mine
192 2028 371 2093 rersaremr,
390 2030 419 2079 et
435 2022 556 2081 humani
573 2019 683 2100 ingenii
707 2033 798 2101 atque
821 2023 936 2084 consilii
959 2022 1137 2100 impotentia
1159 2023 1206 2082 di·

95 2121 168 2179 vina
189 2120 254 2178 lude
277 2117 306 2178 et
328 2117 442 2179 auxilio
465 2131 572 2200 egeret.
622 2123 691 2184 Hoc
718 2125 794 2184 enim
824 2145 930 2184 munus
965 2124 1059 2184 sacris
1080 2123 1205 2188 Domini

95 2221 215 2280 vatibus
232 2218 394 2280 iniunctum
412 2231 492 2295 erat,
516 2231 549 2282 nt
571 2224 672 2283 divino
699 2225 804 2302 spiritu
829 2225 962 2286 instincti
989 2233 1079 2302 atque
1095 2224 1204 2283 illumi·

96 2322 178 2394 nati,
195 2340 294 2379 rerum
311 2341 330 2379 a
347 2322 403 2380 deo
420 2330 569 2398 gestarum
587 2325 738 2401 explicata
754 2327 870 2385 ratione
883 2336 913 2385 et
926 2327 1091 2384 futurarum
1105 2324 1205 2400 specis

95 2421 270 2498 proposita,
293 2421 443 2497 praesenti
469 2423 574 2500 cuique
598 2426 701 2501 populi
728 2427 818 2485 statui
842 2427 886 2484 ita
908 2427 1147 2496 moderarentur,
1171 2431 1205 2481 ut

96 2523 138 2580 ad
155 2522 388 2597 amplectendam
413 2523 559 2596 salntem,
580 2525 606 2584 si
627 2543 688 2582 non
713 2526 852 2584 universa
873 2543 965 2600 gens,
989 2525 1083 2582 electa
1104 2531 1203 2580 tamen

97 2623 165 2680 eins
189 2621 296 2681 mdera
319 2622 582 2682 conformarentur.
609 2623 748 2683 Ouinsris
770 2624 861 2700 igitur
882 2621 1015 2681 vaticinii
1044 2639 1151 2680 caussa
1174 2629 1204 2678 et

99 2721 183 2780 ratio
200 2740 216 2778 e
233 2723 372 2798 temporis
389 2723 435 2782 sui
452 2723 622 2782 conditione
639 2725 768 2782 eruenda
784 2733 838 2782 est.

149 2822 215 2880 lam
231 2841 319 2896 vero,
337 2823 510 2904 priusquam
528 2823 657 2884 civitatis
675 2820 794 2886 divinae
810 2831 937 2895 statum,
956 2822 1054 2898 qualis
1071 2821 1204 2882 Nahnmi

98 2930 198 2981 aetate
224 2930 303 2995 erat,
327 2922 529 2984 tristissimum
552 2943 588 2983 ac
605 2944 699 3001 paene
724 2925 912 3000 desperatum
930 2941 1117 2996 enarremus,
1142 2940 1204 2982 ms·

99 3023 196 3082 moria
211 3023 314 3099 paullo
334 3023 423 3084 altius
440 3025 595 3083 redeamus
613 3027 740 3100 oportet.

149 3122 211 3182 Ubi
227 3123 430 3182 Israelitorum
447 3124 601 3184 historiam
624 3125 694 3183 inde
716 3125 846 3202 aprimo
869 3124 980 3200 templo
1004 3123 1143 3184 absoluto
1166 3123 1205 3183 ad

99 3223 226 3282 alterum
242 3227 338 3300 usqne
355 3223 514 3300 cogitando
532 3224 768 3300 complectimur,
792 3223 889 3282 medio
911 3224 973 3282 t'ere
994 3224 1071 3282 inter
1093 3233 1204 3312 utrum-

100 3343 161 3400 que
181 3323 249 3381 loco
272 3323 455 3382 interiectam
479 3321 611 3384 videmus
628 3323 736 3385 Ussiae
759 3325 840 3400 regis
854 3331 979 3381 mortem
996 3321 1038 3398 (a.
1057 3322 1111 3381 ch.
1130 3323 1204 3400 758).

98 3424 228 3482 Exactis
245 3424 323 3481 enim
338 3424 510 3486 laetissimis
528 3423 698 3484 Salomonis
715 3425 835 3496 diebus,
860 3423 1015 3482 confestim
1033 3423 1125 3498 pestis
1141 3422 1205 3496 illa,

100 3525 158 3582 snb
183 3524 338 3600 superficie
360 3524 410 3582 din
433 3532 571 3600 grassata
595 3534 685 3601 atque
709 3523 856 3594 interdum
883 3522 984 3598 palam
1012 3523 1206 3599 deprehensa,
1295 3531 1297 3535 ’

100 3643 220 3682 summa
236 3643 302 3681 cum
318 3624 461 3684 violentia
478 3625 591 3701 erupit:
609 3624 722 3683 invidia
738 3625 836 3682 decem
851 3623 980 3680 tribuum
995 3639 1067 3698 erga
1081 3623 1207 3682 ludaeos

99 3724 154 3782 diu
172 3724 304 3782 cohibita
320 3725 556 3800 potentissimam
574 3724 786 3801 rempublicam
802 3723 835 3782 in
859 3723 934 3782 duas
956 3722 1098 3782 laceravit
1115 3721 1208 3798 parti-

101 3824 203 3896 culas,
229 3832 259 3882 et
276 3824 406 3883 defectus
431 3845 450 3882 a
466 3824 615 3896 Domino,
641 3825 688 3882 cui
712 3823 834 3884 Salomo
866 3823 994 3898 primum
1019 3822 1209 3896 conniverat,

100 3933 211 4000 postea
233 3943 298 3984 sese
321 3924 420 4000 ipsum
442 3933 545 4000 aperte
566 3924 702 3996 dederat,
727 3925 771 3982 ita
793 3931 897 3982 auctus
922 3929 982 3995 est,
1008 3930 1041 3980 ut
1062 3923 1094 3980 in
1114 3941 1207 3998 regno

99 4023 320 4100 Ephraimitico
337 4025 510 4096 idololatria
530 4025 586 4083 rite
603 4024 739 4084 instituta
761 4024 822 4082 fere
845 4023 884 4081 ad
907 4022 1089 4080 eversionem
1114 4040 1209 4099 usque

101 4143 222 4200 semper
239 4125 374 4198 duraret,
400 4125 504 4185 Iudaei
526 4134 624 4184 autem
646 4125 722 4183 inter
738 4123 861 4182 Domini
884 4130 913 4180 et
928 4121 1081 4180 ‘idolorum
1099 4120 1209 4180 cultum

101 4225 243 4302 suspensi
260 4225 350 4283 modo
366 4226 423 4286 bos
445 4226 535 4284 modo
556 4227 641 4284 illum
665 4233 857 4304 sequerentur
864 4243 872 4296 3
897 4230 927 4282 et
949 4241 1014 4281 cnm
1039 4223 1138 4282 decem
1156 4221 1209 4280 tri-

102 4323 203 4384 bubus
221 4325 322 4386 statim
340 4325 538 4385 destinaretur
553 4326 689 4385 interitus
707 4335 796 4404 atque
813 4323 990 4395 internecio,
1004 4323 1124 4382 Iudaeis
1136 4330 1209 4382 tam·

969 4441 987 4476 ss
996 4429 1009 4457 ί
