2918 5098
285 281 332 350 48
700 281 772 342 Car.
785 283 830 356 ΙΙ,
849 226 880 340 ν’.
892 286 968 340 1-5.

285 477 365 531 esset
381 467 550 546 probabile,
574 465 745 526 Nahumnr'u
763 485 801 525 ex
818 467 935 526 duobus
952 465 1019 525 aliis
1036 466 1171 527 versibus
1188 501 1224 510 -
1251 477 1298 528 eat
1313 470 1382 527 enim

284 580 418 630 extrema
435 585 675 647 quoqueversus
692 568 786 628 nostri
804 565 950 644 particula
965 566 1090 627 recitata
1108 587 1145 626 ex
1164 569 1222 627 les.
1234 569 1300 643 LII,
1320 575 1333 627 1
1350 604 1381 612 -
1440 594 1441 658 p

285 681 315 730 et
332 671 482 730 nonnullis
499 670 536 727 de
553 687 607 730 suo
631 669 740 729 additis
762 687 850 727 unam
874 667 1033 728 artificiose
1057 668 1235 744 compilasse
1258 671 1383 728 enuntia·
1440 709 1441 738 2

285 773 406 831 tionem.
452 771 537 845 Quae
560 771 707 830 sententia
730 769 953 830 usitatissimam
977 776 1038 826 tam
1063 770 1277 846 prophetarum
1301 789 1384 848 quam

285 874 418 932 omnium
447 873 510 930 fere
536 871 567 930 ll.
592 889 632 932 ss.
658 879 812 929 auctorum
834 869 1073 928 consuetudinem
1101 866 1240 942 offendit3
1272 887 1325 944 ao,
1352 891 1384 929 ne

285 973 428 1032 Ieremiae
451 971 589 1047 exempla
611 989 629 1028 a
654 969 828 1030 Kunrnno¹
857 971 916 1028 iam
938 971 1124 1046 exprobrata
1143 978 1331 1048 repetamus,
1359 972 1384 1030 in

284 1075 374 1151 primi
391 1072 498 1148 capitis
517 1076 575 1129 ul
599 1081 628 1131 et
647 1075 678 1129 13
695 1072 820 1131 similem
836 1070 998 1147 reperimus
1016 1071 1270 1147 compositionem.
1313 1072 1385 1130 Tum
1441 1082 1442 1152 l

284 1191 358 1236 vero
375 1191 467 1250 grave
484 1179 605 1230 nostrae
622 1172 785 1231 sententiae
807 1171 1029 1244 documentum,
1047 1173 1130 1248 quod
1145 1171 1293 1233 nuaram
1308 1172 1384 1231 inda
1441 1183 1442 1234 ἶ

285 1274 369 1352 gavit
386 1271 534 1350 sagacitas
552 1289 612 1330 non
629 1281 675 1333 est
691 1272 899 1331 omittendum:
932 1271 1006 1330 illud
1023 1270 1107 1345 dico,
1132 1272 1214 1349 quod
1230 1271 1344 1332 lesaias
1358 1274 1384 1330 iu

285 1375 382 1434 altera
397 1374 466 1449 ipsa
476 1372 682 1432 vaticiniorum
700 1382 786 1449 parte
801 1373 881 1430 haud
897 1391 967 1432 raro
984 1373 1021 1431 de
1033 1372 1178 1432 eiusmodi
1191 1372 1296 1431 nuntio
1313 1375 1383 1432 lacto

284 1475 377 1535 faciat
398 1476 506 1546 rerba,
532 1473 585 1532 cfr.
603 1473 677 1547 XL,
701 1477 734 1545 93
752 1472 842 1547 XLI,
860 1476 909 1544 273
923 1469 1037 1546 ¹LXII,
1062 1477 1093 1545 63
1122 1473 1211 1550 „quis
1235 1473 1312 1533 haec
1334 1474 1384 1534 sibi

282 1573 463 1654 persuadeat
485 1593 502 1633 e
524 1557 679 1647 Nahum,
705 1575 831 1652 abrupte
852 1574 939 1650 quasi
961 1575 1017 1632 hac
1041 1574 1078 1631 de
1098 1593 1132 1632 re
1153 1561 1312 1650 loquente,
1341 1576 1383 1633 de

282 1684 403 1755 promta
425 1675 537 1736 esseo‘
560 1705 613 1720 -1
632 1673 769 1735 Ceterum
785 1674 922 1734 Iesaiana
946 1674 1038 1734 rerba
1060 1693 1080 1732 a
1096 1671 1129 1734 S.
1146 1673 1244 1733 Paulo
1267 1675 1384 1734 recitata
1442 1685 1443 1724 f

282 1797 350 1843 esse
372 1775 522 1848 Rom.X,
548 1780 594 1849 lo,
618 1785 649 1835 et
673 1777 712 1835 ad
734 1776 854 1835 nuntios
876 1774 1022 1852 evangelii
1044 1775 1241 1851 transscripta
1263 1785 1383 1848 constat,

282 1897 361 1958 quos
377 1877 487 1937 includi
502 1877 563 1936 illis
580 1877 678 1936 verbis
696 1877 839 1948 vidimas3
857 1895 953 1952 neque
969 1893 1040 1934 vero
1057 1874 1146 1934 LXX
1165 1875 1320 1952 sequitur,
1337 1877 1383 1936 sed

281 1977 444 2038 liberaliter
461 1977 632 2034 hebraicum
649 1977 777 2035 reddidit
793 1985 923 2050 textum,
947 1977 991 2036 ita
1013 1984 1046 2034 ut
1068 1977 1275 2052 pleonasmum
1299 1993 1381 2038 nura

281 2092 389 2143 maron
411 2078 441 2134 in
456 2094 548 2136 unam
565 2077 720 2135 conoahat
736 2095 839 2136 rocem
861 2073 927 2135 τῶν
945 2065 1246 2158 εὐαγγελιζομένων
1256 2075 1276 2136 ².
1320 2077 1381 2136 'lri-
1443 2069 1444 2128 ἶ

280 2181 338 2242 bus
362 2177 453 2258 igitur
473 2177 521 2236 hia
543 2176 617 2236 locis
641 2177 718 2236 inter
740 2196 773 2237 se
795 2179 975 2256 comparatis
1003 2179 1129 2238 dilucide
1153 2185 1251 2254 patet,
1282 2179 1321 2238 V.
1337 2178 1380 2236 Ti.

279 2279 421 2351 uaticinia
443 2278 553 2336 habere
575 2296 659 2338 suum
682 2279 834 2340 eveniendi
860 2297 1066 2357 progressum,
1096 2280 1190 2337 donec
1212 2279 1244 2336 in
1267 2277 1380 2338 Christo

280 2391 310 2440 et
326 2399 420 2458 regno
437 2379 501 2454 cius
517 2378 621 2438 ultimo
637 2379 705 2438 loco
723 2380 913 2440 conficiantur
935 2385 1025 2457 atqu'e
1042 2379 1235 2439 cumulentur.
1280 2379 1380 2456 Neque

279 2499 352 2542 vero
377 2499 443 2541 esse
464 2479 553 2540 etiam
576 2481 730 2554 existimo,
758 2481 809 2560 qui
831 2481 942 2541 Mosan
967 2481 1164 2539 Hannaasun
1183 2487 1216 2543 et
1236 2477 1380 2540 Iudaeos³
1444 2550 1445 2556 ἵ

240 2577 243 2582 ’
279 2584 369 2660 longe
385 2581 529 2658 plurimos
546 2583 639 2642 secuti
662 2583 782 2659 ipsum
798 2581 975 2642 Messiam
992 2579 1124 2640 Nahumi
1140 2580 1239 2640 verbis
1264 2581 1379 2658 opiueu·
1444 2577 1445 2580 ’

157 2704 166 2721 ¹
281 2693 330 2743 tur
347 2683 514 2760 indigitari3
532 2682 597 2759 ipse
611 2683 689 2742 enim
700 2682 884 2757 Lomundo,
903 2701 970 2740 cum
983 2697 1163 2759 magnopere
1176 2689 1304 2757 optaret,
1322 2681 1379 2740 lieri

280 2786 338 2843 hoo
356 2803 416 2842 non
433 2801 523 2860 posse
539 2782 700 2854 intellexit3
728 2783 910 2858 „proinde‚“
923 2782 1046 2860 -inquit,
1069 2783 1221 2860 „genmnli
1239 2781 1379 2842 sententia

279 2887 391 2944 dictum
408 2891 481 2959 pato
507 2883 544 2940 de
560 2883 686 2941 victoria
707 2883 875 2958 corporali,
901 2898 967 2942 cum
989 2893 1089 2944 tamen
1112 2883 1210 2960 gratia
1227 2881 1336 2942 Christi
1353 2889 1379 2940 et

280 2982 463 3059 evangelium
478 2980 717 3058 generaliter
735 2981 774 3040 sit
785 2983 959 3044 insertum.“
984 2985 1034 3042 Ex
1045 2985 1141 3043 altera
1153 2992 1239 3060 parte
1249 2982 1378 3060 peccavit

277 3085 486 3152 tamarum,
517 3098 583 3138 cum
605 3080 733 3140 lesaiam
763 3081 799 3140 de
827 3081 1002 3143 liberatione
1029 3103 1083 3161 per
1105 3084 1245 3144 Messiam
1272 3084 1377 3155 futura,

277 3182 449 3242 Nahumum
467 3180 504 3238 de
519 3199 579 3238 una
596 3181 789 3258 Assyriorum
806 3183 937 3243 vindicta
960 3185 1044 3263 loqui
1061 3193 1262 3257 asseveraret3
1285 3183 1377 3244 omnis

278 3282 355 3342 enim
374 3281 494 3341 Israelis
518 3280 655 3342 liberatio
678 3283 846 3343 absolutam
868 3285 970 3344 mundi
991 3285 1202 3345 redemtionem
1226 3286 1378 3361 pollicetur

277 3385 308 3443 in
327 3401 451 3460 eamque
473 3391 538 3442 tota
554 3383 665 3462 vergit3
691 3383 782 3463 quid?
808 3387 889 3463 quod
910 3385 1041 3446 recitatis
1057 3386 1171 3445 Icsaiae
1188 3386 1287 3446 verbis
1302 3383 1378 3444 haud

277 3485 393 3545 occulte
418 3483 584 3560 significare
610 3494 691 3544 vates
708 3485 840 3559 videtur,
863 3487 1019 3545 vaticinari
1044 3505 1076 3546 se
1093 3487 1212 3564 quidem
1233 3487 1269 3544 de
1285 3488 1376 3561 Assy-

275 3586 389 3644 riorum
413 3584 548 3658 iuteritu‚
575 3585 735 3645 subiectam
758 3593 855 3645 autem
871 3586 940 3645 huic
964 3587 1132 3646 liberationi
1154 3587 1376 3663 promissionem

277 3705 343 3747 esse
359 3685 444 3763 regni
461 3687 554 3745 divini
570 3685 608 3745 ab
625 3687 765 3746 universa
781 3687 852 3748 olim
868 3683 1019 3763 potestate
1036 3687 1160 3747 seculari
1176 3687 1345 3746 redimendi.

327 3787 458 3846 Additur
473 3788 521 3861 id,
548 3788 630 3865 quod
646 3788 812 3848 restitutam
835 3789 939 3865 populi
955 3807 1059 3865 pacem
1081 3798 1111 3847 et
1128 3788 1316 3848 securitatem
1330 3788 1376 3846 dc·

273 3956 475 3968 *—

325 4060 352 4121 1)
369 4061 398 4110 L.
416 4061 433 4109 l.
452 4077 475 4124 p.
488 4061 547 4113 lta.

325 4146 351 4206 2)
369 4143 479 4194 Mirifice
496 4145 640 4198 Hmnarcrua
659 4148 692 4199 de
708 4163 770 4213 pace
788 4120 1153 4216 (cd.supra)etlltunutt1ur
1171 4149 1286 4202 Nahumi
1304 4149 1376 4200 verba

272 4241 289 4277 a
308 4225 336 4278 S.
349 4225 431 4276 Paulo
448 4230 551 4280 recitari
567 4233 733 4284 contendunt

325 4309 352 4371 3)
369 4309 422 4361 Cfr·
440 4310 609 4369 Staorrraaru
626 4317 695 4369 horr.
712 4318 799 4382 haba,
815 4319 848 4371 de
865 4319 963 4372 Maesia
979 4319 1072 4370 libii.
