2918 5098
150 311 153 315 .
242 249 288 318 56
655 252 729 314 Gar.
742 253 789 325 ΙΙ,
808 271 836 312 v.
852 255 930 310 1-5.

240 447 333 506 testas
350 446 396 498 est
414 435 522 498 lSam.
539 435 642 509 XXV,
660 440 708 494 36:
728 445 780 509 „et
796 436 877 496 ecce!
898 441 962 494 erat
979 433 1006 490 ei
1023 434 1193 494 conuiuium
1210 437 1245 496 in
1264 437 1359 496 domo

241 557 296 600 sua
312 532 395 613 abun
413 554 546 611 aarum,
572 537 660 615 quale
676 537 801 596 instituii
818 557 837 595 a
853 537 972 613 regibus
983 533 1095 594 solet.“
1158 555 1162 566 ·

291 639 372 714 Quid
388 656 460 697 vero
477 646 538 711 est,
556 638 637 716 quod
655 637 818 698 vindicabit
833 636 981 718 Dominus
999 635 1088 694 decus
1105 635 1246 708 Israelis,
1273 637 1359 714 quod

240 739 419 802 exercitibus
436 739 589 814 praeclare
605 738 758 798 instructis
767 738 962 816 Assyriorum
978 735 1098 811 franget
1113 736 1287 812 potentiam
1297 737 1312 796 i
1322 771 1360 778 —

240 861 307 900 nom
331 849 500 900 avasitarum
522 858 581 909 coa,
604 839 758 900 Israelitas
780 839 935 912 nlmirum,
961 847 1145 907 evacuamus,
1170 847 1197 896 ct
1215 839 1359 912 palmites

241 961 336 1004 eoram
358 951 551 1016 corruperant.
583 953 672 1014 prun,
697 926 757 1000 cir,
774 960 802 999 v.
818 944 867 1012 11,
891 957 951 998 non
974 945 1021 997 est
1042 949 1178 1015 crepare,
1205 939 1359 1010 lacerare,

241 1045 285 1102 uti
307 1041 429 1102 cavillat
451 1038 693 1114 Seleucensem,
718 1059 773 1106 neo
795 1049 961 1113 conterere,
996 1038 1158 1115 stringere,
1184 1047 1218 1098 ut
1240 1047 1360 1100 temere

241 1141 393 1204 contendit
416 1139 573 1214 Gammae,
597 1141 650 1204 sed
673 1159 832 1214 evacuare3
855 1141 909 1201 cfr.
935 1154 1033 1215 paup:
1064 1139 1186 1217 lagena,
1212 1149 1244 1200 et
1270 1145 1359 1198 awa

241 1259 332 1304 sonus
343 1242 467 1318 lagenae
479 1250 654 1314 evacuatam
664 1241 771 1300 dicitur
783 1242 820 1302 de
832 1249 912 1301 terra
917 1241 1023 1302 incolis
1031 1248 1122 1298 eruta
1129 1241 1185 1300 les.
1194 1241 1323 1314 XXIV,
1333 1245 1358 1312 1,

243 1345 280 1402 de
289 1343 397 1408 incolis
409 1342 547 1417 spoliatis
560 1342 632 1402 ibid.
651 1363 679 1401 v.
687 1347 717 1414 3,
731 1342 768 1402 de
781 1343 844 1402 vita
856 1343 1005 1402 exstincta
1018 1341 1076 1400 Ies.
1090 1339 1185 1414 XIX,
1197 1345 1224 1399 3.
1242 1341 1356 1400 Ierem.

241 1445 337 1517 XIX,
350 1448 366 1502 t
374 1465 382 1516 3
400 1443 540 1520 indigitat
556 1442 648 1520 igitur
661 1443 790 1504 Iudaeos
808 1444 846 1502 ab
860 1443 996 1520 Assyriis
1013 1441 1174 1519 spoliatos3
1192 1455 1358 1518 perperam

242 1545 320 1605 enim
336 1545 375 1604 ad
391 1544 538 1622 Assyrios
553 1544 680 1604 refertm
696 1544 838 1604 suffixum
855 1564 874 1604 a
891 1543 1080 1602 Kauanamo
1103 1551 1133 1602 et
1148 1542 1356 1602 Haasrmmrn-

242 1663 311 1720 oro,
336 1646 444 1725 quibus
466 1645 569 1708 futuro
590 1664 678 1706 sensu
702 1645 883 1722 praedicitur
904 1643 1100 1722 Assyriorum
1123 1644 1300 1704 destructio.
1319 1675 1356 1686 -

241 1747 425 1806 Palmites
442 1765 497 1822 per
513 1746 735 1806 similitudinem
752 1746 941 1822 appellantur
957 1743 1121 1806 Israelitac.
1156 1743 1356 1804 Transfertur

242 1848 320 1906 enim
336 1847 417 1905 haud
433 1866 502 1906 raro
519 1846 624 1905 vineae
640 1846 740 1923 imago
758 1848 797 1906 ad
815 1866 933 1908 sacram
947 1854 1078 1924 gentem,
1102 1845 1355 1921 pretiosissimam

242 1947 365 2006 Domini
381 1947 617 2022 possessionem,
636 1946 763 2021 primum
779 1947 943 2008 inGantico
950 1947 1042 2019 VIII,
1056 1951 1086 2004 ll
1107 1965 1147 2006 ss.
1166 1945 1294 2019 coll.H,
1311 1947 1352 2004 15.

241 2048 316 2120 VH,
336 2050 377 2104 13.
401 2046 432 2117 1,
451 2052 476 2106 6.
502 2045 569 2122 (cfr.
594 2045 751 2108 Hauosru.
775 2067 803 2108 a.
829 2048 878 2108 bb.
901 2048 964 2125 Il),
992 2047 1097 2106 deinde
1119 2047 1177 2106 Ies.
1197 2047 1226 2106 V
1249 2055 1282 2106 et
1298 2047 1352 2108 Ps.

240 2147 380 2219 LXXX,
396 2152 425 2204 11
445 2165 499 2218 ss.;
524 2166 617 2223 quare
634 2146 710 2207 vites
728 2155 757 2206 et
773 2148 912 2224 palmites
929 2149 1063 2226 singulos
1080 2148 1143 2207 iere
1159 2148 1240 2207 cives
1257 2146 1351 2226 signi-

239 2251 339 2308 fleant.
373 2248 466 2324 Apud
482 2248 560 2306 banc
577 2265 696 2308 sensum
714 2248 789 2308 satis
806 2250 948 2310 usitatum
966 2269 1030 2308 cum
1048 2249 1181 2308 maxima
1202 2248 1350 2326 interpre-

241 2357 303 2408 tum
319 2357 406 2426 parte
421 2349 631 2412 remanendum
648 2349 868 2422 existimaturum
891 2349 961 2410 licet
976 2349 1099 2427 proprie
1116 2349 1205 2408 etiam
1222 2347 1350 2425 intelligi

240 2450 378 2526 palmites
401 2461 542 2526 possent,
566 2451 619 2509 cfr.
643 2451 706 2510 Ioel
723 2451 755 2524 Ι,
773 2455 799 2510 7.
830 2452 934 2512 Ierem.
952 2451 1031 2524 XII,
1057 2455 1105 2518 10,
1132 2450 1238 2526 lReg.
1258 2451 1298 2524 V,
1321 2452 1347 2507 5.

240 2551 328 2610 Micb.
345 2551 399 2625 IV,
417 2557 450 2625 4,
473 2551 621 2630 siquidem
639 2553 658 2601 't
676 2566 740 2628 tarra
763 2571 844 2612 mere
868 2561 946 2614 esset
968 2560 1047 2611 terra
1063 2551 1165 2610 Iacobi
1190 2551 1278 2610 sicuti
1295 2551 1348 2610 Pe.

241 2651 374 2727 XLVII,
388 2657 427 2726 53-
439 2662 584 2726 attamen,
602 2652 745 2730 quoniam
761 2653 976 2730 praestantiam
988 2653 1109 2714 Israelis
1126 2652 1247 2712 omnino
1265 2671 1349 2712 aare·

239 2753 356 2830 pimus,
371 2754 609 2831 metaphorIcam
625 2753 707 2812 illam
720 2754 877 2830 palmitum
889 2753 1163 2830 interpretationem
1177 2753 1348 2814 retinemus·

289 2856 339 2913 Ad
356 2855 493 2914 iniuriam
510 2854 601 2930 igitur
618 2853 723 2913 Israeli
740 2855 778 2912 ab
795 2854 933 2932 Assyriis
950 2855 1065 2916 illatam
1087 2853 1273 2914 referendum
1291 2861 1345 2925 est,

240 2955 321 3031 quod
337 2953 486 3014 Dominus
504 2952 662 3014 revertitur
679 2953 718 3012 ad
735 2963 852 3028 gentem
875 2973 976 3028 suam,
993 2976 1023 3016 u.
1035 2957 1096 3028 3b3
1120 2955 1206 3016 sicuti
1229 2955 1262 3014 in
1279 2973 1346 3032 gra·

239 3054 397 3112 tiosoeius
414 3053 511 3112 reditu
527 3053 600 3112 latet
622 3071 743 3125 caussa,
769 3073 821 3114 cur
843 3055 1005 3116 vindictam
1027 3058 1063 3116 de
1086 3055 1222 3116 hostibus
1245 3056 1343 3119 sumit.

240 3153 277 3212 ef.
302 3151 443 3243 Saoh31,
464 3157 510 3212 15:
542 3171 744 3230 „magnopere
768 3156 904 3232 equidem
929 3156 1024 3218 iratus
1047 3177 1111 3218 sum
1136 3158 1173 3216 de
1198 3157 1345 3233 gentibus,

238 3253 331 3330 (nunc
348 3253 481 3332 quidem)
500 3254 606 3332 quietis
619 3255 695 3328 illis3
714 3275 779 3316 curn
792 3258 957 3333 paullulum
965 3245 1065 3318 'iratus
1078 3259 1183 3318 fuerim
1195 3259 1213 3333 (
1210 3258 1246 3318 de
1259 3266 1346 3334 gente

238 3355 317 3432 mea)
334 3353 379 3414 illi
395 3365 494 3416 autem
511 3357 640 3416 iaverint
663 3357 701 3417 ad
724 3359 863 3418 malurn.“
883 3359 939 3418 les.
957 3359 1113 3433 XXXIII,
1134 3365 1163 3418 l:
1188 3359 1275 3432 „Vae
1292 3357 1345 3418 tibi

238 3466 389 3530 vastator,
415 3468 445 3516 et
468 3459 519 3534 qui
537 3477 597 3516 non
616 3466 751 3518 vastatus
773 3480 822 3532 es,
838 3469 870 3520 et
886 3460 1124 3544 praevaricator,
1150 3469 1180 3518 et
1203 3460 1235 3517 in
1259 3479 1345 3537 quem

237 3559 348 3633 perfide
370 3579 432 3618 non
454 3569 590 3636 egerunt3
613 3559 665 3618 ubi
687 3561 852 3620 absolveris
881 3561 1095 3634 vastationem,
1122 3561 1188 3637 ipse
1211 3561 1348 3620 devasta-

237 3658 331 3734 beris,
350 3661 401 3720 ubi
419 3661 563 3720 adfinem
581 3661 723 3735 perfidiae
740 3662 925 3737 perveneris,
950 3662 1061 3737 perfide
1079 3669 1168 3740 agent
1186 3679 1259 3738 erga
1276 3661 1345 3720 tei“

708 3847 932 3952 aaan

754 4034 781 4072 v.
800 4019 826 4071 4.

290 4164 406 4237 Clppcas
423 4163 536 4221 beroam
554 4166 611 4220 eius
628 4163 802 4238 rubefactus,
819 4167 876 4222 atri
886 4166 1068 4244 fortitudinia
1085 4169 1220 4236 cormaci,
1237 4171 1269 4224 ia
1286 4170 1346 4240 tyna

236 4263 379 4338 otalpdam
402 4283 515 4334 carram,
541 4284 598 4339 qao
622 4266 666 4322 dte
689 4266 823 4340 disponit,
851 4277 877 4324 ct
900 4271 1023 4342 capreae
1047 4269 1203 4326 vibrantur.
1240 4266 1345 4344 Clypei
