2966 5090
441 311 466 385 ξ.
484 315 509 368 i.
535 311 585 368 Du
604 329 719 370 inacus
738 331 895 373 varromn.
1147 339 1221 382 Lm

103 495 224 553 scelera
247 501 276 550 et
290 491 404 566 flagitia
421 496 611 570 complexus,
639 504 770 556 atrocem
789 495 861 556 Nini
879 499 1029 559 interitum
1049 506 1221 580 propediem

79 596 271 672 instantem
295 592 378 649 illum
397 596 653 668 praestantissimo
679 591 748 656 stilo
773 599 939 674 descripsit.
968 601 1099 661 Nahumi
1122 608 1220 666 autem

103 695 281 754 vaticinium
307 712 365 750 nou
392 694 478 753 huius
504 704 618 754 tautum
641 698 832 772 propheticae
863 701 1095 776 praedicationis
1124 707 1220 781 partis

103 795 213 854 verum
231 793 363 852 omnium
382 796 569 854 oraculorum
587 798 717 873 Assyria
735 808 832 858 aetate
850 801 995 880 ¹editorum
1013 822 1119 880 agmen
1137 823 1220 882 egre·

106 1056 230 1115 deberet3
254 1055 378 1102 eiusmodi
402 1061 488 1104 autem
506 1070 631 1119 nusquam
649 1057 788 1120 quidquam
806 1061 948 1123 invenitur;
970 1077 1030 1112 uam
1047 1062 1098 1112 Ier.
1116 1063 1220 1124 XXVI,

108 1143 154 1189 18.
175 1139 221 1199 19,
245 1138 335 1200 quibus
361 1138 446 1186 verbis
469 1140 559 1188 nititur
587 1157 609 1188 v.
636 1141 694 1202 dd.‚
726 1143 791 1192 vatis
817 1161 858 1194 vr.
878 1146 935 1206 ΙΙΙ,
954 1149 986 1196 12
1010 1150 1145 1196 enuntlata
1167 1163 1219 1196 non

111 1221 250 1272 confestim
267 1222 382 1270 evenisse
401 1222 508 1285 legitur,
527 1239 608 1286 neque
626 1241 696 1287 vero,
715 1241 755 1274 vv.
773 1228 821 1289 IV,
831 1229 855 1278 9.
867 1230 912 1290 10,
930 1245 995 1292 quae
1014 1231 1048 1278 ad
1066 1231 1144 1280 aliam
1161 1230 1219 1280 libri

109 1306 264 1372 particulam
287 1308 429 1368 pertinent,
454 1309 559 1356 omuino
577 1323 664 1358 carere
683 1318 783 1360 eventu.
801 1339 835 1348 -
854 1312 892 1374 II)
910 1312 1082 1362 Nonminore
1100 1316 1157 1364 loco
1174 1315 1219 1364 ba·

111 1390 226 1440 bendum
243 1396 293 1450 est,
312 1389 395 1452 quod,
417 1390 461 1439 ubi
479 1391 600 1442 Cassian
616 1393 740 1457 probetur
757 1398 898 1457 sententia,
920 1396 1054 1448 Michaeas
1071 1399 1219 1448 vaticinium

107 1476 225 1539 graviter
248 1473 394 1536 discrepare
418 1474 535 1525 videatur
557 1491 614 1526 eum
642 1477 740 1536 Iesaia,
765 1493 874 1542 quocum
896 1495 948 1528 uon
971 1483 1063 1531 aetatis
1087 1483 1169 1532 solum
1193 1489 1219 1531 et

107 1558 239 1618 muueris,
268 1571 355 1606 vemm
377 1559 454 1606 etiam
476 1559 659 1610 familiaritatis
683 1569 708 1610 et
731 1564 921 1614 consuetudinis
949 1566 1050 1614 viuculo
1079 1566 1217 1614 secuudum

108 1643 268 1705 singularem
286 1642 416 1705 utriusque
434 1642 493 1691 libri
511 1651 662 1693 concentum
684 1647 833 1695 coniunctus
855 1647 935 1696 fuisse
957 1648 1085 1711 putandus
1109 1653 1156 1696 est.
1191 1647 1218 1695 Is

109 1729 179 1776 euim
197 1726 289 1774 eodem
306 1733 421 1788 tempore
444 1741 497 1775 uon
522 1729 601 1776 semel
620 1743 708 1777 verum
727 1731 828 1793 saepius
853 1739 879 1780 et
902 1729 1029 1780 uberrime
1053 1731 1084 1779 ab
1104 1731 1219 1792 Assyriis

108 1812 243 1874 angustias
267 1816 367 1858 tantum
390 1810 494 1859 Iudaeis
517 1811 612 1860 instare
635 1813 762 1874 declarat,
788 1815 847 1863 illos
869 1815 896 1862 in
919 1815 975 1879 ipsa
997 1824 1067 1864 terra
1089 1829 1162 1864 sacra
1184 1815 1218 1863 ad

108 1897 312 1946 internecionem
334 1895 388 1944 iere
410 1909 547 1944 concussos
570 1897 626 1946 lore
643 1894 698 1956 (cfr.
718 1898 744 1946 ll.
763 1912 840 1962 supra
857 1899 897 1958 ll.,
916 1898 991 1948 Cnsr.
1010 1898 1116 1962 pili),
1135 1914 1152 1948 a
1166 1898 1218 1948 Ba·

109 1979 222 2043 byloniis
240 1985 325 2026 autem
344 1978 499 2042 reipublicae
516 1980 647 2029 interitum
665 1983 799 2032 imminere
817 1983 891 2032 docet
910 1997 950 2032 ex.
966 1999 1003 2047 gr.
1020 1985 1134 2046 cXIII,
1151 1985 1218 2042 XIV

108 2072 135 2112 et
149 2063 285 2122 XXXIX,
300 2063 369 2110 cuius
379 2062 547 2112 fundamento
561 2066 682 2114 universa
696 2067 779 2116 altera
794 2069 848 2115 eius
861 2067 934 2129 libri‚-
955 2082 1021 2131 quae
1037 2069 1143 2130 dicitur,
1158 2084 1217 2132 pars

109 2148 232 2210 imposita
250 2153 297 2195 est.
327 2145 403 2196 Cnsr.
421 2149 525 2211 quidem
539 2149 673 2198 Michaeas
695 2151 841 2200 vaticinium
864 2157 924 2199 ante
941 2151 991 2201 Ies.
1010 2169 1031 2200 c.
1043 2151 1166 2201 XXVIII
1183 2179 1217 2187 -

108 2231 220 2280 XXXII
238 2231 334 2279 editum
352 2245 408 2282 esse
426 2234 542 2294 coniicit,
561 2240 637 2296 atque
656 2233 735 2295 adeo,
759 2235 881 2298 temporis
898 2237 998 2285 ratione
1016 2243 1128 2296 mutata,
1153 2239 1218 2286 vati·

111 2317 179 2364 ciuis
202 2329 303 2378 quoque
325 2323 480 2367 commutata
502 2332 571 2379 esse,
597 2325 623 2366 at
644 2331 707 2366 vero
725 2319 816 2366 xmum
838 2325 906 2367 certe
924 2319 1025 2370 [esaiae
1043 2327 1119 2383 eaput
1137 2322 1216 2368 etiam

109 2401 181 2463 prius
192 2413 270 2461 quam
279 2399 412 2450 Michaeas
422 2401 500 2450 verba
514 2401 730 2452 illaeuuutiatum
748 2397 798 2450 est!
817 2415 879 2462 ergo
897 2403 1006 2453 eundem
1018 2391 1125 2454 Domini
1143 2407 1217 2469 spIri-

109 2492 164 2533 tum
181 2498 229 2548 per
247 2481 344 2533 lesaiae
362 2492 387 2534 et
404 2500 449 2549 per
466 2485 600 2534 Michaeas
622 2486 753 2546 ingenium
771 2485 884 2534 locutum
901 2486 967 2534 adeo
985 2501 1038 2534 uou
1056 2500 1139 2536 secum
1157 2503 1217 2538 con·

109 2576 219 2618 stantem
238 2569 317 2617 fuisse
335 2576 469 2632 putemus,
486 2576 515 2618 ut
529 2569 606 2618 modo
625 2570 657 2618 ab
668 2569 783 2629 Assyriis
801 2568 974 2616 calamitatem
990 2571 1100 2632 primum
1112 2569 1216 2618 Iudaeis

111 2661 168 2701 tum
185 2667 244 2702 vcro
262 2653 474 2716 gloriosissimam
491 2654 691 2712 redemtionem,
715 2650 793 2699 modo
817 2650 935 2699 exsilium
959 2659 985 2700 et
1008 2653 1217 2714 internecionem,

111 2720 191 2786 modo
210 2751 225 2786 a
240 2737 392 2800 Babyloniis
410 2738 477 2786 idem
496 2739 593 2786 instare
611 2737 697 2800 paucis
715 2736 788 2784 annis
806 2736 964 2798 InterpositIs
982 2735 1141 2785 declararet?
1167 2737 1218 2785 Mi-

110 2823 181 2872 nime
199 2835 267 2870 vero.
302 2821 355 2884 III)
374 2822 497 2883 Accedit,
515 2822 598 2883 quod,
618 2822 720 2870 etiamsi
731 2819 863 2882 Babylon,
882 2821 919 2868 uti
936 2821 1017 2883 probe
1032 2821 1219 2870 demonstravit

110 2907 203 2967 Casa,
221 2921 253 2955 eo
270 2912 385 2970 tempore
403 2894 518 2969 Assyriis
537 2907 651 2956 subiecta
667 2907 759 2965 luerit,
776 2905 821 2952 vix
840 2910 928 2952 tamen
941 2904 1046 2965 Iudaei,
1064 2921 1121 2956 cum
1133 2904 1219 2967 Baby·

109 2993 170 3042 lone
188 2991 238 3040 sibi
257 2991 374 3040 exsilium
391 2992 478 3054 parari
495 2990 629 3051 audirent,
647 2991 679 3038 ah
698 2989 814 3052 Assyriis
831 2987 880 3037 hoc
897 2988 945 3037 sibi
965 2989 1062 3038 instare
1077 2989 1218 3054 opinaban-

110 3085 165 3136 tur,
190 3076 240 3124 nisi
259 3081 345 3138 aperte
364 3083 420 3125 erat
436 3082 566 3136 notatum3
590 3088 650 3122 nam
673 3089 720 3139 pro
746 3087 777 3122 ea
800 3074 914 3132 ratione,
938 3087 989 3134 qua
1005 3073 1139 3122 israelitae
1162 3089 1222 3124 cum

109 3161 230 3224 gentibus
249 3159 458 3221 continebantur,
481 3175 534 3209 non
552 3159 584 3208 de
602 3159 664 3207 urbe
683 3158 794 3219 quadam
812 3162 837 3204 et
858 3158 915 3205 loco
940 3157 1076 3219 agebatur,
1101 3171 1151 3218 quo
1175 3156 1220 3205 ab·

110 3229 278 3303 ducerentur,
297 3243 342 3292 sed
360 3244 392 3292 de
410 3251 481 3293 certa
499 3244 609 3306 quadam
627 3249 718 3306 gente,
741 3255 792 3302 qus
808 3244 971 3304 punirentur3
994 3240 1053 3289 ideo
1072 3243 1140 3290 enim
1158 3255 1219 3302 geu·

110 3331 176 3378 tium
193 3329 328 3376 ferocitate
346 3335 372 3376 et
389 3327 499 3377 ludibrio
517 3333 655 3388 vexantur,
674 3327 794 3387 quoniam
812 3313 1110 3387 gentIum'Irritamentis
1125 3329 1220 3387 etpec-

112 3415 176 3464 catis
193 3413 362 3462 indulserant.
400 3409 458 3473 Quo
476 3411 557 3473 adds,
575 3411 643 3480 quod
662 3425 692 3459 eo
711 3407 994 3472 temporeBabylonics
1012 3408 1139 3458 defectum
1156 3406 1219 3456 iam·

112 3500 163 3548 iam
183 3498 286 3546 molitos
304 3513 360 3546 csse
377 3498 495 3547 vidImus.
918 3508 926 3516 ·

165 3581 238 3642 Quas
256 3598 312 3631 cum
330 3584 367 3632 ita
384 3585 449 3643 sint,
468 3580 621 3630 sententiam
638 3579 710 3627 illam
726 3591 832 3641 prorsus
850 3577 948 3624 irritam
967 3591 1037 3638 esse,
1055 3578 1131 3626 facile
1146 3576 1221 3624 iutel-

114 3669 215 3730 ligitur;
234 3669 335 3716 relectis
353 3676 438 3716 autern
456 3665 628 3730 argumentis,
651 3675 716 3722 quas
734 3663 786 3710 iam
804 3659 929 3709 refutasse
948 3660 1076 3719 videmur,
1100 3667 1222 3708 cormunt

114 3753 204 3812 simul,
228 3764 293 3812 quae
311 3759 445 3815 praeterea
462 3749 602 3814 disputavit
618 3747 694 3798 Ossa.
714 3761 739 3808 p.
750 3745 798 3796 lit
809 3758 856 3806 ss.;
880 3757 940 3794 uam
958 3742 1020 3804 quid
1036 3743 1128 3804 fuerit,
1152 3744 1221 3804 quod

114 3837 191 3898 v‚-4.
210 3838 225 3886 5
243 3836 345 3900 Assyrii
369 3843 492 3897 tunquam
518 3848 618 3885 summa
640 3832 751 3884 hostium
771 3829 849 3899 ¹regni
866 3827 947 3878 divini
971 3828 1068 3892 species
1092 3833 1118 3876 et
1134 3827 1221 3891 imago

115 3921 283 3982 inducantur,
309 3921 372 3970 setis
392 3927 498 3984 apparet
516 3934 548 3968 ex
565 3921 611 3980 iis,
635 3931 701 3978 quae
724 3930 802 3980 supra
825 3914 988 3978 exposuimus
1014 3912 1046 3962 de
1069 3913 1221 3981 gravissimo

113 3993 185 4067 loco,
204 4007 230 4054 in
249 4020 299 4067 quo
316 4006 384 4054 inter
401 4004 488 4053 hostes
506 4004 611 4052 Israelis
630 4002 763 4052 constituti
781 4006 868 4060 eraut,
887 3999 932 4048 cir.
950 4015 967 4063 p
984 3998 1064 4060 Lss.;
1089 4005 1143 4047 tum
1161 4011 1222 4046 vero

117 4090 166 4140 Ies.
183 4091 269 4151 XIII,
287 4090 353 4140 XIV
371 4089 479 4138 eandem
498 4089 604 4138 exhibet
622 4088 762 4148 rationem
781 4099 796 4134 a
814 4085 905 4134 futuris
923 4084 990 4132 enim
1002 4083 1090 4148 populi
1106 4081 1222 4132 hostibus

118 4181 187 4223 vetes
205 4175 239 4224 ad
256 4175 422 4238 gravissimos
439 4175 498 4222 illos
516 4173 665 4233 revertitur,
684 4186 700 4220 a
718 4171 808 4232 quibus
827 4169 954 4232 praesenti
966 4174 1080 4232 tempore
1092 4167 1222 4216 vexaban-

84 4281 86 4284 ·
119 4265 164 4306 tur.
201 4258 336 4309 Postremo
359 4259 407 4308 hoc
431 4260 509 4306 etiam
527 4265 631 4307 notasse
649 4235 769 4314 velimus,
795 4253 863 4302 haud
885 4253 964 4315 probe
987 4252 1131 4304 (lassamur
1154 4267 1222 4302 asse-

121 4357 205 4392 verare
223 4360 248 4408 p.
261 4346 325 4405 180,
343 4345 364 4392 si
383 4350 459 4392 antea
477 4357 529 4398 nou
547 4342 673 4390 evenisset
685 4339 846 4399 vaticinium,
864 4336 891 4387 id
906 4344 973 4413 certe
985 4336 1046 4386 inde
1057 4337 1222 4396 redundasse,
