2918 5098
309 311 380 382 130
699 312 772 370 Car.
785 312 843 382 ΙΙΙ,
863 328 891 368 v.
908 317 1018 369 14-19.

307 507 421 571 menta,
450 500 541 574 longa
570 497 736 555 seculorum
758 503 943 570 praeteracta
972 495 1061 566 serie,
1093 503 1281 556 accusatores
1310 517 1404 556 eorum

307 607 460 677 emergunt
477 619 492 656 e
509 598 631 674 pulvere
649 605 677 654 et
695 597 932 671 comprobandae
950 595 1032 652 verbi
1050 595 1143 652 divini
1160 597 1293 657 veritatis
1311 607 1405 658 testes.

308 702 409 774 ,Nam
426 719 533 759 saxum
551 717 567 756 e
585 717 668 756 muro
692 696 902 769 conclamabit,
927 705 956 753 et
980 695 1093 772 tignum
1116 715 1133 754 e
1155 697 1289 757 tabulato
1315 700 1341 758 ei
1365 720 1405 758 re·

308 800 496 879 spondebit.“
513 799 634 856 Habalt.
653 798 697 864 ll,
718 802 758 854 ll.

359 903 444 976 Quae
460 919 526 958 cum
543 900 585 957 ita
602 899 676 970 sint,
699 899 787 956 finem
805 896 936 955 vaticinii
960 897 1054 954 redire
1072 897 1110 955 ad
1127 897 1243 956 initium
1266 898 1404 970 videmur,

309 1023 374 1062 cum
397 1001 541 1060 atrocium
571 1008 757 1074 peccatorum
781 997 937 1056 multitudo
967 997 1099 1056 divinam
1129 998 1242 1074 flagitet
1269 999 1404 1058 ultionem

309 1101 354 1178 (Ι,
374 1109 398 1161 1.
416 1103 467 1178 2.).
493 1099 600 1176 Ne'que
617 1118 688 1157 vero
706 1118 807 1156 eorum
825 1105 1031 1174 proponuntur
1047 1096 1161 1173 flagitia
1178 1107 1207 1156 et
1232 1100 1405 1175 praedicitur

309 1203 457 1274 vindicta,
487 1201 538 1278 qui
563 1200 677 1276 aliquot
700 1199 903 1274 tantummodo
928 1206 1030 1274 gentes
1054 1217 1110 1257 sua
1133 1201 1308 1258 vexaverint
1325 1202 1403 1276 perli-

310 1304 360 1362 dia
385 1311 474 1378 atque
497 1301 645 1378 nequitia:
675 1299 726 1358 scd
750 1317 866 1369 corum,
897 1298 948 1375 qui
971 1317 1116 1358 summam
1138 1307 1257 1358 teneant
1280 1301 1402 1358 omnium
1453 1373 1454 1378 η

309 1403 472 1480 potentiam
501 1410 530 1459 et
560 1401 726 1474 universum
751 1407 896 1458 terrarum
920 1399 1022 1458 orbem
1045 1399 1089 1474 (b
1109 1395 1135 1472 'b
1156 1414 1189 1458 ru
1204 1394 1275 1478 ἦν)
1300 1401 1403 1459 tamdiu

310 1502 547 1563 conculcaverint
563 1501 703 1576 pedibus,
729 1508 758 1558 et
775 1519 890 1559 sacram
907 1499 1081 1575 praesertim
1098 1498 1156 1556 Dei
1173 1507 1290 1575 gentem
1308 1520 1403 1560 excru-

310 1604 466 1674 ciaverint3
493 1602 655 1680 quaelicet
671 1602 759 1676 longe
776 1601 929 1676 graviores
946 1617 1058 1674 poenas
1075 1599 1137 1658 suis
1153 1601 1293 1658 meruerit
1308 1621 1403 1678 pecca·

311 1707 368 1776 tis,
386 1705 530 1762 immensa
555 1711 653 1760 tamen
674 1700 798 1759 Domini
821 1700 976 1761 clementia
1002 1707 1032 1758 et
1048 1699 1264 1774 misericordia,
1294 1710 1403 1777 postea·

310 1823 400 1882 quam
417 1803 600 1880 aliquamdiu
616 1801 782 1878 vapulavit,
810 1821 828 1860 a
845 1800 923 1860 tristi
940 1800 1057 1859 illorum
1076 1799 1147 1876 iugo
1164 1809 1193 1858 et
1210 1800 1404 1862 dominatione

310 1906 430 1964 iamiam
446 1903 630 1962 liberabitur.
657 1902 757 1976 Quare
778 1902 865 1978 longe
889 1901 984 1978 magis
1006 1901 1192 1976 magnificum
1208 1900 1341 1960 Nahumi
1357 1921 1404 1959 no-

309 2025 376 2062 men
394 2012 527 2061 extrema
544 2003 651 2060 haecce
667 1981 808 2060 revocant
824 2001 929 2074 verba,
948 2009 978 2060 et
994 2001 1179 2077 praeclaras,
1198 2019 1273 2078 quas
1290 2021 1404 2079 expres·

311 2121 360 2162 sas
378 2103 409 2160 in
427 2122 458 2170 se
474 2102 570 2178 gerit,
593 2101 816 2177 promissiones.
839 2103 1014 2162 Extremum
1032 2101 1122 2178 igitur
1139 2103 1336 2162 enarrationis
1358 2121 1404 2162 no-

310 2212 390 2262 strae
406 2203 535 2278 lapidem
553 2201 706 2277 praeclara
722 2202 877 2278 imponant
893 2202 1037 2260 Luruaru
1053 2185 1158 2260 verba:

362 2303 443 2377 „Hic
459 2303 609 2375 videmus,
635 2321 725 2379 quam
750 2303 811 2361 sint
833 2303 932 2360 omnia
948 2303 978 2360 in
996 2303 1052 2360 hoc
1069 2303 1218 2378 propbeta
1232 2303 1404 2362 consolatio-

309 2423 379 2463 num
397 2404 586 2480 plenissima,
611 2404 718 2480 quibus
735 2403 818 2462 Deus
837 2402 977 2478 Optimus
995 2403 1144 2462 Maximus
1170 2422 1240 2462 suos
1257 2404 1325 2485 pios
1342 2423 1405 2462 con-

309 2515 357 2565 tra
374 2505 434 2564 vim
452 2515 481 2564 et
497 2505 638 2564 insultum
655 2504 785 2562 hostium
803 2504 982 2562 consolatur.
1009 2504 1094 2577 Quae
1116 2505 1334 2563 consolationes
1356 2519 1406 2562 nos
1453 2513 1454 2516 ’

309 2626 412 2665 omnes
430 2607 519 2664 etiam
537 2606 668 2664 animare.
685 2605 791 2664 debent
808 2605 839 2662 in
857 2623 1032 2681 quacunque
1049 2585 1241 2677 necessitate,
1266 2613 1299 2662 ut
1322 2606 1406 2664 confi·

279 2709 280 2712 ’
310 2708 414 2766 damus
432 2707 644 2782 credamusque
659 2705 763 2781 plane,
782 2724 842 2764 non
858 2705 1070 2780 permissurum
1083 2705 1259 2777 Dominum,
1277 2715 1311 2764 ut
1326 2723 1406 2782 prae·
1453 2749 1454 2756 Ι

308 2808 427 2866 valeant
450 2815 553 2865 contra
574 2825 630 2865 nos
655 2806 818 2865 adversarii
842 2805 923 2864 verbi
939 2805 1007 2864 Dei.
1034 2803 1116 2864 Sicut
1139 2805 1216 2864 enim
1233 2807 1407 2882 promiserat

309 2909 400 2972 Iudae
422 2907 645 2978 liberationem,
672 2915 701 2966 et
722 2925 844 2983 regnum
869 2907 999 2978 salvum,
1024 2925 1063 2964 ex
1087 2925 1146 2982 quo
1163 2906 1331 2967 nasciturus
1346 2915 1406 2966 erat

309 3007 460 3076 Christus,
487 3015 516 3062 et
539 3006 695 3080 promissis
718 3007 816 3078 stetit,
839 3007 910 3064 fecit
926 3006 1063 3066 omnihus
1079 3007 1215 3066 hostibus
1232 3008 1405 3084 superiores,

307 3105 338 3160 id
365 3105 445 3178 quod
468 3103 517 3159 hic
542 3103 728 3178 apertissime
753 3106 783 3162 in
808 3116 869 3164 tam
892 3107 1100 3181 potentissimo
1125 3116 1156 3166 et
1185 3108 1405 3184 opulentissimo

308 3221 400 3280 regno
417 3202 612 3280 Assyriorum
630 3202 781 3263 exhibuit:
805 3205 848 3264 ita
865 3225 925 3264 non
943 3207 1108 3268 dubitemus
1126 3208 1215 3268 etiam
1233 3211 1321 3270 nobis
1336 3209 1405 3268 affu-

310 3314 406 3362 turum
430 3304 459 3361 in
485 3304 564 3360 omni
582 3305 771 3378 necessitate,
791 3307 854 3365 sive
872 3308 1020 3383 corporali
1038 3309 1102 3366 sive
1120 3309 1278 3384 spirituali.
1314 3308 1404 3388 Siqui-

304 3405 372 3463 dem
391 3425 466 3464 unus
489 3413 534 3463 est
558 3405 654 3464 adhue
670 3404 769 3479 Deus,
794 3408 844 3484 qui
864 3408 991 3475 xredemit
1014 3409 1134 3482 Iudam,
1161 3411 1213 3486 qui
1236 3411 1326 3484 dixit,
1349 3427 1403 3468 non

307 3526 442 3564 casurum
461 3506 599 3582 capillum
618 3507 767 3582 decapite
786 3517 889 3567 nostro
909 3499 979 3567 sine'
990 3509 1143 3568 voluntate
1161 3517 1248 3569 sua.“
