2918 5098
465 292 537 351 Cas.
553 294 599 365 II,
618 311 646 351 v.
663 298 703 351 ll.
1100 293 1144 361 81

46 499 102 536 nem
124 476 250 536 Vrbem.
269 475 394 535 Aeneid.
412 477 475 550 IX,
494 481 545 535 719
567 489 597 537 et
619 479 758 556 exempla
782 481 925 540 nonnulla
949 499 987 540 ex
1013 484 1148 544 Arabum

47 581 156 656 scriptis
174 579 301 638 collecta
318 597 337 636 a
353 578 578 638 Bouurrcunno
596 581 707 640 chrum.
726 582 809 640 arab.
827 602 857 657 p.
875 586 908 655 3,
926 583 978 660 qui
995 584 1148 661 ingeniose

46 681 75 738 de
89 683 146 739 hac
163 679 312 739 sententia
329 679 507 759 disputavit)
524 713 561 724 --
579 689 611 740 at
628 701 718 759 quam
735 681 841 759 ingens
864 695 943 743 esset
965 685 1146 761 hyperbolai

47 785 70 858 c)
86 782 213 858 denique
240 781 391 840 albescere
418 781 495 840 sicut
518 782 595 854 olla,
621 783 743 841 tolerari
764 783 860 860 magis
884 793 1003 859 posset,
1029 795 1061 844 at
1080 787 1149 863 ipse

46 882 224 954 Lununaus,
255 883 307 959 qui
329 883 407 940 hanc
430 883 605 942 sententiam
627 883 764 943 versione
792 903 848 944 sua
876 886 1041 962 expressit,
1072 889 1149 946 bene

46 993 121 1042 notat
137 984 169 1042 in
188 1001 308 1042 comma
335 983 489 1055 „absurda
511 1003 635 1060 prorsus
653 994 699 1043 est
716 986 905 1062 metaphora,
929 1005 985 1045 nec
1000 995 1073 1063 puto
1090 989 1149 1047 hoo

47 1085 170 1144 voluisse
186 1084 409 1160 prophetuml“
433 1085 465 1162 2)
481 1084 544 1142 Alii
567 1085 737 1161 palloris
759 1086 911 1146 notionem
934 1089 1026 1147 verbo
1049 1089 1147 1148 inesse

46 1187 153 1245 docent.
181 1185 293 1244 Verum
312 1193 426 1262 quanto
448 1203 526 1261 opus
546 1186 604 1244 fuit
625 1186 730 1245 itinere
754 1196 785 1246 et
806 1187 932 1248 circuitu
956 1201 990 1248 ut
1007 1187 1148 1251 Sounou-

45 1304 139 1346 unsus
165 1287 229 1363 (ap.
254 1285 468 1364 Kreonenium)
490 1287 529 1346 ad
551 1287 629 1346 banc
657 1288 813 1364 perveniat
840 1297 1035 1365 potestatem,
1065 1291 1149 1351 cuius

46 1390 110 1446 nihil
129 1407 166 1445 ne
184 1388 275 1446 affine
290 1387 408 1463 quidem
426 1387 541 1466 aliquid
556 1388 588 1446 in
605 1371 743 1448 universa
759 1391 823 1448 rad.
842 1405 903 1450 'tacu
920 1390 1032 1449 ditione
1045 1393 1149 1468 depre-

45 1488 197 1548 henditur?
223 1491 255 1566 3)
271 1489 400 1548 Felicius
413 1487 525 1562 clav„
545 1489 651 1562 H1rz.,
665 1489 811 1548 Holenam.
830 1489 870 1546 ad
887 1490 1011 1549 eundem
1029 1493 1147 1568 quidem

45 1598 239 1665 pervenerunt
253 1607 387 1663 sensum,
400 1601 465 1648 cum
479 1589 723 1667 significationem
736 1597 900 1649 statuerent
913 1591 1147 1666 splendoris,

46 1711 115 1768 quae
134 1709 191 1750 usu
209 1690 292 1749 verbi
309 1691 403 1766 probe
419 1699 519 1767 potest
534 1690 650 1764 fulciri,
678 1689 730 1750 cfr.
750 1706 812 1749 uren
833 1690 880 1749 Pi.
899 1690 1004 1767 Hithp.
1029 1710 1145 1764 ornare,

46 1809 117 1884 usp,
145 1799 351 1850 ornamentum
367 1792 487 1869 capitis,
512 1797 611 1878 utputa,
643 1806 728 1886 opst}
753 1791 891 1864 frondes,
918 1801 1040 1852 ornatus
1057 1792 1145 1852 arbo-

45 1915 120 1968 mm,
153 1909 255 1954 numum
281 1893 388 1965 decus;
406 1893 511 1953 deinde
545 1909 624 1973 pap,
654 1893 734 1970 quod
752 1893 832 1968 apud
849 1893 918 1952 illas
933 1893 1146 1970 interpretandi

45 1997 169 2054 rationes
184 1994 311 2052 debebat
322 2013 387 2053 esse
400 1993 548 2071 colligere,
564 2004 593 2054 et
604 1992 787 2070 nigredinem
798 2013 822 2054 s.
840 1993 985 2071 pallorem
999 1995 1145 2055 extrinse-

45 2116 88 2156 cus
106 2094 267 2172 superaddi
284 2103 403 2168 notare,
429 2093 489 2154 iam
505 2091 659 2173 i'd,quod
683 2095 836 2171 proprium
861 2103 907 2154 est
926 2096 1027 2168 faciei,
1053 2098 1145 2174 recipi

45 2195 259 2274 quodammodo
271 2197 352 2255 intus
365 2197 526 2274 significat3
544 2199 572 2256 id
588 2197 669 2275 quod
687 2216 723 2254 eo
737 2197 967 2270 commendatur,
986 2199 1065 2274 quod
1078 2198 1150 2256 Piel·

43 2299 127 2358 habet
143 2299 205 2356 vim
222 2297 414 2371 intensivum,
434 2317 504 2375 ergo
527 2313 591 2377 pap
615 2297 763 2372 corripere
780 2297 881 2373 potius
899 2305 945 2356 est
961 2317 1050 2375 quam
1066 2318 1146 2358 mere

44 2401 191 2477 colligere,
211 2398 264 2456 cfr.
282 2399 339 2458 Ias.
356 2399 474 2472 XXIV,
495 2405 542 2471 163
560 2399 637 2458 Hos.
655 2395 720 2469 IX,
738 2401 769 2469 63
787 2397 840 2454 Ec.
859 2397 977 2469 XXIV,
998 2401 1039 2455 13.
1076 2397 1144 2472 Quo

44 2503 131 2574 adde,
149 2512 286 2558 naturam
304 2501 405 2576 potius
422 2502 500 2560 ferre
516 2509 550 2558 ut
560 2499 758 2576 pallescamus
770 2504 850 2555 metu
866 2505 895 2554 et
906 2505 1035 2568 terrore,
1054 2517 1144 2574 quam

43 2604 246 2674 rubescamus,
272 2619 326 2659 nec
349 2619 410 2659 nou
433 2601 537 2660 Ierem.
555 2600 701 2672 XXX,d
727 2597 872 2674 pallorem
895 2615 961 2655 cum
978 2598 1144 2675 parturien-

43 2703 110 2762 tium
128 2703 261 2780 gestibus
284 2701 622 2779 coniunctumproponi
631 2701 649 2758 ¹.
693 2698 750 2758 Oui
776 2698 968 2775 explicationi
991 2707 1145 2758 cunctatus

44 2815 84 2863 est
108 2803 267 2863 (insumus
289 2823 328 2862 ne
350 2804 558 2875 assentiretur,
590 2801 730 2880 quoniam
754 2799 813 2858 tale
835 2799 951 2858 dicendi
976 2819 1068 2877 genus
1091 2801 1145 2860 da·

45 2905 146 2980 gitaret
162 2905 212 2963 vel
230 2904 370 2964 suffixum
391 2919 509 2970 nunnae
529 2905 576 2963 vel
593 2901 765 2975 articulum,
783 2919 850 2960 cum
868 2901 955 2974 „sine
967 2901 1077 2962 suffixo
1091 2921 1146 2979 po·

45 3006 126 3064 situm
144 3006 235 3066 talem
260 3007 394 3064 vultuum
416 3013 551 3064 naturam
576 3003 720 3064 indicaret
743 3002 825 3081 quali
848 3002 923 3062 alias
947 3021 1047 3062 carere
1070 3004 1147 3064 sole-

44 3113 146 3180 rent;“
164 3109 223 3165 hoc
240 3116 338 3166 tamen
356 3115 561 3186 argumentum
579 3107 656 3166 tanti
678 3126 739 3165 non
761 3105 897 3177 fecerim;
924 3105 1019 3182 magis
1043 3125 1147 3165 curan·

44 3209 107 3266 dum
125 3209 260 3281 videtur,
285 3209 366 3285 quod
383 3209 463 3266 nitor
479 3209 565 3268 faciei
581 3206 679 3266 lurido
697 3207 792 3266 colori
813 3225 874 3263 non
892 3206 968 3264 adeo
991 3208 1148 3282 oppositus

44 3318 86 3368 est
102 3329 193 3388 quam
211 3310 333 3368 rubedo,
350 3313 393 3388 -4)
411 3310 547 3368 Rubrum
564 3308 641 3368 enim
655 3307 784 3366 colorem
796 3314 973 3380 acceperunt
985 3307 1149 3364 Martanum

43 3427 98 3468 nau
116 3409 241 3483 Sunuu,
266 3412 356 3469 Anna
373 3413 474 3484 Esar,
497 3411 563 3470 Ew.
582 3409 656 3466 Mur,
674 3408 742 3479 ull.;
768 3406 820 3482 qui
838 3423 904 3464 cum
922 3414 1067 3482 cognatus
1086 3425 1148 3465 ma-

43 3529 172 3588 gnopere
201 3531 266 3570 cum
296 3513 454 3588 splendore
476 3513 532 3584 sit,
559 3520 620 3569 tum
638 3509 765 3584 repetis
789 3505 923 3565 dialectis
947 3515 1064 3582 potest;
1093 3508 1149 3566 cir.

44 3631 68 3670 a.
86 3614 151 3672 rad.
170 3627 255 3685 emo,
273 3613 439 3672 excandens
463 3601 583 3694 gandii,
607 3599 705 3676 litu-a
723 3609 783 3680 ira,
809 3606 910 3679 furor,
938 3595 1151 3686 idon-,amillau
1239 3627 1241 3632 ·

44 3713 306 3788 excandescentia3
330 3713 435 3774 deinde
451 3717 516 3807 'effi
541 3713 656 3784 fervor,
680 3707 745 3804 §ip
768 3727 875 3784 spuma
892 3707 970 3766 ollae
987 3707 1149 3781 bullientis,

33 3809 79 3904 )ti
98 3816 289 3874 effervescere
299 3817 349 3886 all.
359 3837 367 3888 3
386 3816 513 3892 denique
530 3829 592 3877 nu:
610 3814 746 3890 flagrare.
770 3809 990 3870 conferendum
1004 3817 1050 3869 est
1062 3809 1152 3870 etiam

43 3915 99 3974 les.
118 3917 213 3988 Xlll,
231 3920 248 3974 8
268 3930 360 3976 nunno
381 3911 475 3976 urant
497 3930 553 3975 uu.
579 3915 645 3973 Iam
662 3933 733 3973 vero
752 3913 778 3972 si
805 3926 867 3988 vap
895 3910 1070 3989 intelligitur
1086 3921 1156 3972 tan.-

95 4175 122 4236 1)
138 4177 289 4228 Notandum
308 4188 412 4242 quoquc
431 4183 470 4228 ast
487 4177 645 4242 praeclarum
659 4175 761 4227 dicendi
773 4189 862 4241 genus,
875 4177 945 4240 quod
957 4175 1096 4226 Persarum
1107 4182 1154 4236 est,

42 4276 107 4342 453)
124 4249 172 4331 &ji
196 4275 265 4324 aqua
282 4263 380 4324 vultus,
403 4263 420 4313 i.
440 4277 461 4312 s.
485 4261 607 4326 splendor
630 4275 706 4326 super
723 4261 815 4310 faciem
833 4261 946 4310 hominis
963 4261 1032 4309 beati
1050 4259 1155 4321 effusus,

42 4344 88 4391 cfr.
107 4345 240 4396 Numam
258 4347 368 4398 Wasser
385 4347 431 4396 des
449 4347 550 4396 Lebens
567 4363 590 4410 p.
607 4347 648 4395 69.

901 4430 916 4477 6
