2966 5090
290 383 329 424 nx
634 363 880 422 Pisoni-:conans
908 360 981 420 One.
999 361 1039 420 11.

291 565 361 624 ceps
379 565 417 605 ex
426 547 587 624 Aethiopia
605 547 761 619 oriundus,
780 565 845 605 cum
863 545 1029 605 recentibus
1047 543 1141 618 copiis
1159 545 1283 603 obviam
1303 545 1329 602 ei
1346 565 1390 620 ap·

292 647 507 725 propinquaret
515 649 532 707 ¹.
560 647 665 724 Captis
681 648 771 724 igitur
787 647 915 706 Iudaeae
931 647 1005 705 locis
1022 643 1161 716 munitis,
1186 645 1351 704 Tartanem
1368 653 1392 702 et

292 748 510 821 Rabschalren,
529 767 674 808 summum
687 746 875 823 pincernam,
894 756 924 806 et
936 744 1111 816 nabsarnn,
1124 745 1297 822 principem
1310 765 1392 804 eunu-

293 847 442 922 chorum²,
467 849 680 926 Hierosolyma
703 848 798 920 misit,
822 857 856 906 ut
872 847 1051 906 deditionem
1071 841 1392 922 urbisexposcerent⁸3

294 949 361 1026 qui,
380 967 444 1007 cum
458 948 583 1007 Hiskias
600 949 691 1006 verbo
709 948 810 1006 divino
827 967 881 1023 per
893 947 1019 1006 Iesaiam
1043 945 1123 1003 facto
1146 946 1394 1006 commonefactus
1431 1011 1433 1016 ¹

294 1056 463 1108 constanter
485 1055 638 1124 negasset,
665 1048 704 1106 ad
721 1045 916 1107 Sanheribum
940 1045 1065 1117 reversi,
1088 1044 1219 1108 Libnam
1246 1047 1308 1105 iam
1331 1063 1394 1121 pro-

293 1149 400 1206 fectum
417 1147 600 1206 invenerunt.
631 1147 699 1206 Rex
716 1147 929 1224 Hierosolyma
952 1164 1055 1206 versus
1078 1155 1177 1206 castra
1195 1147 1304 1206 movit.
1338 1145 1394 1202 lam

292 1247 384 1324 igitur
401 1249 439 1306 ad
457 1267 601 1306 summum
624 1247 781 1307 discrimen
808 1248 907 1308 omnia
929 1247 1059 1324 undique
1080 1249 1262 1324 vergebant:
1289 1244 1396 1305 Iudaici

293 1347 375 1424 regni
400 1355 550 1407 extremus
573 1348 633 1406 iam
658 1348 721 1408 dies
743 1348 806 1407 sine
829 1348 891 1406 ulla
915 1347 1100 1406 dubitatione
1115 1348 1268 1408 humanae
1293 1343 1396 1405 rationi

293 1447 449 1506 videbatur
460 1448 591 1508 venisse:
605 1457 698 1530 capta
706 1449 794 1522 urbe,
813 1448 935 1526 Assyrii
947 1447 1059 1524 ingenti
1071 1449 1241 1530 praesidio,
1262 1456 1330 1507 tota
1341 1447 1396 1532 fere

293 1548 385 1621 Asia,
410 1543 572 1623 sublevati,
600 1550 678 1608 haud
696 1549 789 1608 multo
806 1548 909 1608 labore
926 1548 1060 1608 Africam
1078 1567 1198 1626 quoque
1220 1548 1328 1626 gladio
1350 1565 1396 1604 ex·

294 1649 395 1728 pedire
411 1669 501 1728 posse
514 1651 638 1726 putandi
652 1659 735 1710 erant
751 1685 787 1693 -
806 1658 837 1710 at
848 1649 998 1710 Dominus
1009 1650 1095 1708 aliter
1107 1649 1315 1709 constituerat.
1334 1646 1398 1706 Una

294 1759 379 1810 noete
395 1752 557 1811 maximam
581 1751 716 1811 immensi
738 1752 885 1811 exercitus
911 1758 1027 1826 partem
1043 1750 1086 1809 ita
1103 1749 1246 1826 perculit,
1267 1758 1317 1822 ut,
1343 1763 1396 1824 quo

294 1851 435 1928 reliquias
453 1859 601 1923 servaret,
620 1852 715 1910 effusa
730 1851 803 1927 fuga
821 1852 939 1909 domum
957 1850 1066 1909 rediret
1082 1869 1184 1925 mane,
1204 1850 1258 1927 qui
1279 1864 1398 1924 vespere

292 1949 381 2008 etiam
399 1951 481 2008 orbis
498 1958 644 2008 terrarum
661 1949 799 2009 dominus
816 1968 882 2008 esse
899 1949 1083 2008 videbatur⁴.

343 2045 465 2105 Summa
486 2049 543 2105 hac
567 2041 801 2122 omnipotentiae
823 2047 941 2106 divinae
972 2049 1213 2108 manifestatione
1235 2047 1362 2125 Assyrii
1384 2064 1399 2102 a

291 2145 412 2221 fastigio
436 2145 549 2221 gloriae
571 2155 601 2204 et
616 2146 775 2221 potestatis
798 2145 896 2205 subito
910 2146 1019 2205 deiecti
1042 2157 1119 2206 sunt.
1146 2149 1207 2206 Vix
1225 2149 1308 2206 enim
1327 2149 1400 2205 hanc

291 2254 465 2320 acceperant
477 2244 607 2316 cladem,
626 2263 692 2304 oum
702 2245 781 2303 Medi
791 2245 804 2306 ⁵,
818 2246 989 2318 deficerent,
1008 2264 1119 2323 eosque
1130 2247 1297 2324 Babylonii
1311 2248 1400 2308 aliae

289 2445 412 2498 inflictam
435 2459 506 2510 esse,
530 2463 587 2498 cnm
609 2447 739 2500 Tirrhaka
760 2465 818 2501 cunr
840 2449 951 2511 maiore,
973 2455 1002 2498 ut
1026 2449 1140 2510 videtur,
1164 2448 1281 2499 exercitu
1307 2463 1399 2514 appro-

290 2533 432 2597 pinquaret.

342 2618 368 2680 1)
383 2615 437 2666 Cir.
455 2616 543 2680 2ng.
560 2617 641 2681 XIX,
660 2619 684 2669 9.

342 2701 369 2764 2)
385 2700 426 2752 De
443 2703 525 2752 tribus
543 2703 690 2754 muneribus
707 2704 759 2754 illis
776 2702 822 2753 cfr.
839 2702 902 2752 Bon.
915 2703 931 2750 l.
945 2702 962 2751 l.
974 2719 999 2767 p.
1011 2703 1069 2753 149.
1082 2703 1139 2754 175.
1151 2704 1209 2752 181.
1220 2702 1280 2752 209.
1293 2701 1344 2753 335
1355 2699 1393 2750 all·
1462 2723 1463 2734 π

341 2784 368 2845 3)
386 2782 443 2846 Quo
461 2784 519 2834 loco
538 2787 640 2849 Assyrii
658 2793 744 2836 castra
760 2792 913 2849 posuerunt,
931 2790 991 2834 ante
1009 2787 1234 2849 septentrionalem
1248 2787 1322 2836 urbis
1340 2798 1393 2848 par·

292 2875 359 2930 tem,
376 2867 445 2930 apud
467 2874 587 2934 stagnum
601 2870 730 2931 superins,
748 2867 817 2916 unde
833 2869 895 2916 urbs
912 2871 1056 2931 impugnari
1075 2877 1183 2933 poterat,
1202 2871 1324 2934 quonism
1340 2872 1391 2915 arte

290 2951 327 3000 ibi
350 2950 451 3000 facilins
472 2956 573 2998 matum
594 2963 642 2998 nec
664 2954 757 2996 natura
778 2953 878 2998 munita
894 2962 950 2998 erar
967 2977 1001 2987 -
1018 2953 1042 3001 ei
1058 2952 1161 3003 Iossrnr
1183 2955 1260 3004 etiam
1281 2961 1391 3015 tempore

289 3046 385 3083 nomeu
406 3037 475 3082 erat:
500 3037 585 3080 caetra
603 3031 768 3092 Assyriorum
788 3029 958 3100 (παρεμβολὴ
977 3033 1032 3084 τῶν
1047 3031 1208 3102 Ἀσσυρίων)
1230 3039 1277 3088 cir.
1295 3038 1392 3086 Iossnm

290 3115 324 3166 de
340 3113 372 3164 B.
383 3113 406 3162 Ι.
424 3114 458 3174 V,
471 3114 501 3174 7,
513 3115 543 3175 23
561 3113 595 3173 V,
608 3114 652 3172 12,
666 3115 690 3160 2.
707 3113 753 3163 etr.
772 3115 814 3164 W.
827 3115 930 3166 Knnm
942 3118 1123 3183 Topographie
1140 3121 1248 3171 ierusal.
1267 3139 1293 3186 p.
1307 3119 1363 3170 139.

341 3199 369 3261 4)
384 3197 474 3250 Rawn.
492 3194 562 3245 Ontl.
579 3211 604 3260 p.
616 3196 766 3246 XXXVH:
787 3199 859 3260 „The
877 3208 965 3252 events
982 3203 1013 3252 ot*
1026 3204 1070 3253 the
1095 3205 1181 3254 fourth
1198 3218 1261 3267 year
1286 3204 1317 3254 of
1330 3201 1391 3252 Sen-

291 3282 411 3334 nacherib
428 3286 532 3346 present
549 3293 565 3330 a
581 3275 713 3331 marked
730 3288 879 3335 contrast
896 3291 923 3335 tc
941 3286 985 3336 the
1002 3286 1114 3337 detailed
1131 3288 1390 3352 and'magniloqnent

291 3368 460 3432 descriptione
472 3365 502 3414 of
516 3364 560 3414 the
577 3365 713 3430 preceding
730 3368 846 3432 periods;
864 3370 925 3434 they
941 3385 987 3420 are
1004 3371 1122 3421 contined
1139 3379 1167 3422 to
1185 3388 1203 3422 a
1218 3374 1271 3424 few
1291 3381 1390 3434 mssgtt

183 3501 186 3508 ,
290 3454 371 3512 lines,
390 3448 442 3498 and
459 3447 528 3498 reier
544 3450 701 3512 exclusively
717 3457 745 3500 to
763 3465 796 3500 an
814 3454 961 3517 expedition
974 3457 1077 3520 against
1088 3456 1132 3506 the
1147 3456 1326 3508 Chaldees“
1345 3459 1389 3511 cti

291 3537 504 3586 commemoratur
514 3540 660 3597 praeterea,
672 3534 741 3598 quod
752 3534 981 3589 Merodacham
993 3539 1210 3604 Baladanum,
1223 3554 1300 3605 quem
1312 3540 1388 3605 primo

291 3616 387 3666 dudum
399 3629 468 3666 anno
480 3616 646 3679 debellasset,
663 3619 755 3668 iterum
773 3620 941 3684 subiugasset.
959 3649 992 3660 —
1011 3624 1132 3674 Ceterum
1143 3627 1170 3674 in
1183 3627 1329 3677 enarranda
1345 3623 1388 3672 hac

290 3702 374 3765 quarti
397 3703 458 3752 anni
478 3703 641 3766 expeditione
663 3717 743 3768 genus
768 3704 897 3766 quoddam
928 3707 1029 3758 dicendi
1058 3711 1202 3772 invenitur,
1230 3710 1301 3773 quod
1330 3705 1387 3757 satis

289 3800 443 3850 magnopere
460 3786 652 3836 similitudinem
669 3788 748 3838 refert
764 3788 1009 3852 vv.Nch.111,17:
1030 3794 1091 3856 ,My
1103 3800 1192 3858 troops
1205 3792 1317 3858 pursued
1330 3791 1388 3847 him,

289 3869 334 3920 bat
350 3870 383 3919 he
402 3867 470 3918 tiead
486 3881 572 3932 away,
589 3869 642 3920 and
659 3870 698 3920 his
716 3871 787 3936 place
806 3887 861 3922 was
879 3880 925 3922 not
942 3875 1052 3936 found,“
1072 3877 1117 3926 oir-
1137 3885 1208 3934 vm
1230 3864 1284 3935 nbi
1309 3878 1385 3930 u'tlll

290 3960 395 4019 impin.

340 4036 366 4100 5)
382 4035 423 4084 De
441 4040 555 4098 tempore
573 4051 623 4101 quo
634 4040 721 4091 Medi
740 4041 937 4103 defecerint,
957 4057 995 4090 vv.
1009 4043 1052 4094 dd.
1065 4046 1208 4096 sententiae
1220 4047 1282 4096 satis
1295 4045 1384 4096 discre-

289 4125 365 4185 pant;
384 4118 417 4167 ab
429 4118 487 4167 aliis
500 4123 633 4186 statuitur,
651 4140 675 4174 a
688 4128 736 4178 753
746 4127 810 4176 illud
820 4126 942 4178 accidisse
949 4160 956 4186 ,
974 4141 989 4174 e
1006 4129 1097 4190 quibus
1105 4131 1268 4180 nominamus
1277 4129 1384 4179 Nisam·

288 4217 355 4264 ntur,
372 4201 534 4266 maximeque
547 4205 702 4260 Banrmsmn
713 4212 756 4273 qui
768 4212 906 4260 novissime
923 4209 990 4260 hanc
1007 4213 1154 4274 opinionem
1172 4219 1290 4264 accurate
1302 4211 1385 4262 deien-

289 4289 341 4352 dit,
366 4286 423 4336 aliis
444 4294 513 4350 post
525 4291 622 4342 cladem
646 4290 797 4356 Sanheribi,
821 4309 844 4344 a.
864 4294 915 4344 714
930 4293 1025 4344 iactum
1043 4309 1098 4346 esse
1113 4298 1222 4359 videtur,
1239 4298 1308 4346 inter
1324 4301 1383 4358 quot

288 4384 462 4434 nuncupamus
484 4371 635 4440 Vrrsmonr,
659 4377 832 4440 Hmrrmmr,
854 4379 1016 4429 Dcncranur.
1056 4381 1097 4432 Ae
1119 4380 1194 4432 nobis
1216 4381 1319 4444 quidem
1340 4376 1384 4427 h⁰⁰
