2918 5098
511 327 585 390 Gar.
598 329 629 404 1,
648 348 676 389 v.
691 334 733 388 14.
1130 329 1177 400 43

67 512 211 592 quoniam
228 510 402 588 saepissime
418 511 575 574 coniuncta
589 513 792 592 inlegentur,
809 513 1005 591 praeferimus
1021 518 1054 594 3)
1067 518 1177 578 rationi

67 615 129 688 illi,
153 633 192 674 ex
215 632 278 690 qua
299 613 343 674 sic
364 613 448 672 audit
471 615 649 674 enuntiatio:
688 633 747 689 „ex
771 615 844 674 aede
866 615 914 674 dei
935 617 979 674 tui
1004 617 1177 678 exscindam

67 715 221 792 sculptile,
239 725 270 772 et
285 713 374 772 fusile
389 713 498 774 faciam
515 715 681 792 sepulcrum
698 721 802 791 tuum“
820 714 877 791 (ua
890 715 985 792 Duco,
1003 717 1177 798 Horren),

67 817 137 876 licet
152 814 343 892 simplicitate
359 816 587 876 commendetur.
621 817 653 894 4)
666 817 781 877 Abesse
793 817 925 876 maxime
940 817 979 876 ab
996 817 1104 879 idonea
1123 837 1178 878 ex-

67 917 230 993 plicatione
238 913 396 988 uidentur,
421 916 529 993 quibus
553 917 695 994 templum
713 917 824 991 estid,
849 917 930 994 quod
953 919 984 977 iu
1008 918 1177 996 sepulcrum

67 1023 290 1077 converteretur
305 1015 479 1093 (secundum
495 1016 552 1076 les.
566 1017 751 1091 XXXVIII,
769 1021 813 1091 37,
831 1018 909 1078 unde
926 1017 1000 1078 nibil
1017 1019 1177 1097 probatur)

66 1119 240 1189 Musarum,
257 1116 367 1189 Deus,
385 1115 539 1190 Boanum,
557 1117 666 1195 quibos
683 1118 809 1178 assentit
824 1117 859 1178 F.
872 1119 1075 1180 Bonrrrcusn
1092 1119 1178 1196 (exe-

67 1217 213 1296 getlrrit.
230 1217 412 1276 Aehrenlese
427 1236 458 1294 p.
471 1220 534 1296 40),
552 1237 641 1292 „cum
658 1219 817 1280 verisimile
833 1227 927 1294 osset,
946 1221 1096 1282 destructa
1112 1221 1178 1280 idc-

66 1319 167 1378 lorum
189 1319 282 1396 adyta
305 1317 385 1377 hand
406 1337 477 1378 raro
499 1336 556 1395 pro
579 1320 723 1398 sepulcris
744 1339 810 1380 esse
832 1325 1008 1397 usurpata.“
1032 1355 1070 1366 -
1104 1320 1177 1382 Sen-

69 1421 162 1480 tentia
177 1419 270 1496 igitur
285 1418 359 1478 haec
375 1417 437 1478 lere
454 1427 512 1479 est:
543 1419 696 1480 idolorum
713 1421 872 1480 simulacra
889 1441 906 1479 e
923 1421 1042 1497 templis
1060 1423 1177 1482 exscin-

69 1521 189 1594 dentur,
214 1527 244 1577 et
263 1516 322 1596 ipsi
339 1519 545 1582 minaeorum
562 1521 768 1598 cooperientur
790 1530 820 1580 et
836 1521 1024 1597 sepelientur.
1061 1521 1178 1597 Quibus

68 1621 169 1681 verbis
186 1618 344 1680 Senberibi
362 1639 463 1686 necem
479 1620 538 1680 Ies.
552 1621 724 1693 XXXVII,
743 1625 792 1694 383
810 1621 914 1698 2Reg.
929 1621 1023 1693 XIX,
1040 1625 1074 1680 37
1091 1641 1177 1698 prae-

69 1723 126 1780 dici
152 1721 250 1797 probe
272 1721 449 1782 existiment
470 1721 507 1796 ii,
539 1723 590 1798 qni
618 1730 688 1781 ante
717 1721 830 1780 cladem
858 1721 939 1797 apud
963 1720 1179 1799 Hierosolyma

68 1822 207 1900 Assyriis
228 1821 370 1880 inflictam
393 1822 536 1882 cecinisse
557 1822 730 1882 Nahumum
758 1823 955 1894 contendunt3
981 1831 1013 1880 at
1035 1823 1178 1900 quoniam

70 1924 119 1982 diu
136 1930 244 2000 postea
262 1904 373 1982 editum
390 1941 456 1984 esse
472 1923 644 1984 vaticinium
659 1923 878 1997 intelleximus,
902 1923 1090 1983 hortantum
1109 1943 1180 1984 con·

69 2024 216 2095 cedimus,
240 2032 371 2084 atrocem
387 2024 466 2100 regis
482 2023 563 2084 illius
581 2033 718 2086 eventum
735 2024 858 2101 respici,
885 2033 916 2084 et
930 2024 1082 2084 interitum
1099 2025 1179 2085 haud

68 2125 163 2184 ndnus
192 2123 423 2202 ignominiosum
447 2124 503 2184 snb
524 2125 654 2204 imagine
679 2125 827 2186 consimili
855 2125 1012 2185 universae
1033 2127 1179 2203 Assyrio-

68 2245 131 2284 rum
149 2225 233 2302 genti
251 2225 430 2284 annuntiari.
456 2225 608 2286 Idolorrun
626 2236 725 2286 antem
742 2226 985 2285 commemoratio
1002 2234 1032 2285 et
1048 2227 1181 2286 vindicta

69 2328 105 2388 ad
121 2326 200 2386 alias
218 2344 338 2403 quoqne
354 2327 523 2386 revocanda
546 2345 669 2387 consess
693 2333 751 2385 est:
778 2327 921 2402 primum,
946 2327 1028 2403 quod
1052 2327 1084 2384 in
1109 2329 1181 2386 deo·

69 2447 131 2486 rum
161 2427 200 2485 ab
225 2426 300 2502 ipsis
326 2427 514 2486 inventorum
543 2427 676 2504 potentia
706 2445 799 2485 snam·
820 2427 972 2501 ponebant
998 2427 1125 2502 gloriam
1151 2435 1182 2486 et

70 2527 257 2605 soperbiam3
274 2527 394 2601 deinde,
413 2528 494 2604 quod
510 2527 543 2585 in
559 2527 703 2604 religione
719 2533 750 2584 et
765 2524 951 2602 mythologie
967 2543 1022 2584 sua
1037 2526 1182 2603 cuiusque

69 2628 173 2706 populi
189 2628 306 2688 indoles
323 2647 469 2704 suumque
484 2627 635 2704 ingenium
648 2643 824 2703 expressum
838 2633 900 2696 estc
917 2633 1080 2700 postremo,
1099 2626 1182 2703 quod

71 2729 110 2786 ad
127 2729 272 2788 defectum
290 2749 309 2787 a
325 2729 380 2788 dcc
398 2729 468 2787 vivo
485 2747 617 2805 veroque
641 2737 671 2786 et
694 2735 894 2785 creaturarum
912 2725 1022 2784 cultum
1045 2735 1107 2784 tam
1123 2726 1182 2785 ini·

71 2829 531 2894 micitioeadversus.1sraelem
554 2849 645 2907 quam
673 2828 808 2906 ipsorum
833 2825 1052 2904 reprobationis
1076 2826 1182 2888 ultime

73 2949 179 2992 caussa
194 2931 364 2989 revocanda
381 2939 435 2990 est.

117 3031 253 3090 Additur
269 3031 411 3109 denique,
431 3030 624 3109 quamobrem
643 3029 851 3108 exstinguendi
868 3027 1076 3107 sintAssyrilr
1094 3027 1181 3090 sicuti

71 3131 152 3192 idola
182 3131 313 3209 gentium
339 3151 428 3208 saepe
457 3131 583 3208 legimus
608 3126 710 3196 cisoa
735 3131 829 3205 dicta,
859 3131 903 3190 ita
925 3131 1056 3190 cultores
1079 3149 1182 3190 eorum

72 3232 160 3292 etiam
176 3251 233 3308 pro
249 3233 342 3291 nihilo
358 3233 487 3292 habendi
504 3241 587 3291 sunt:
617 3227 691 3306 uubp
710 3247 759 3309 ³3,
783 3252 864 3291 nam
882 3230 977 3291 levis
995 3250 1041 3290 es.
1085 3231 1180 3291 Cuius

72 3334 154 3393 verbi
167 3329 225 3409 bbp
239 3333 395 3410 genuinam
407 3341 586 3410 potestatem
601 3333 675 3392 bene
688 3332 845 3408 descripsit
856 3331 1065 3391 Goussnrmsr
1085 3339 1180 3404 „nota

25 3431 29 3438 ’
72 3432 159 3508 Kal,
177 3432 287 3511 Niph.,
305 3433 372 3508 Hi,
391 3434 495 3513 Hitbp.
514 3431 681 3509 significare
697 3432 864 3504 levitatem,
883 3451 1007 3508 eamque
1023 3431 1179 3508 physicam

72 3536 114 3594 vel
138 3535 315 3594 moralem.“
358 3533 409 3596 Sic
432 3536 461 3613 1)
478 3533 617 3610 exiguam
639 3532 682 3590 rei
705 3532 900 3608 quantitatem
924 3541 954 3590 et
975 3532 1180 3591 extensionem

72 3633 182 3694 indicat
199 3632 277 3694 Gen.
290 3634 381 3708 VIII,
399 3639 425 3693 8.
445 3639 494 3708 11,
520 3633 648 3710 indeque
671 3633 848 3693 transfertur
869 3632 907 3691 ad
932 3631 1024 3689 animi
1046 3632 1181 3692 rationes

72 3733 132 3794 Iob.
143 3735 217 3809 XL,
235 3741 269 3809 43
287 3733 362 3796 Gen.
372 3735 464 3808 XVI,
482 3739 507 3793 4.
520 3738 536 3793 5
551 3753 628 3811 aequ
644 3733 748 3807 'aarum
766 3732 858 3796 veluti
870 3731 922 3790 Ni.
942 3736 955 3789 1
968 3729 1049 3791 Sam.
1061 3731 1180 3805 XVIII,

73 3839 119 3910 233
146 3836 249 3914 2Reg.
263 3836 325 3908 ΙΙΙ,
345 3840 391 3908 183
418 3836 538 3895 uberius
560 3833 717 3912 proposita
739 3832 901 3894 similitudo
919 3839 965 3892 est
981 3831 1060 3890 Dan.
1074 3833 1113 3906 V,
1131 3837 1180 3890 27:

75 3955 204 4012 „pensus
221 3955 252 3996 es
270 3937 368 4008 lance,
387 3946 417 3995 et
433 3937 571 3994 inventus
589 3955 621 3995 es
638 3934 817 4008 deficiens;“
843 3933 894 4012 qui
912 3951 1016 3994 sensus
1033 3933 1065 3990 in
1082 3933 1181 3993 locum

74 4047 207 4098 nostrum
225 4037 336 4114 optime
360 4037 497 4114 quadrat.
524 4035 645 4112 (Hira,
664 4035 784 4108 Meum,
804 4035 887 4114 Ew.)
928 4037 959 4113 2)
976 4034 1038 4092 Alii
1057 4033 1182 4092 alteram

74 4138 154 4196 verbi
175 4137 324 4196 notionem
343 4138 561 4212 praetulerunt:
580 4136 682 4208 vilem,
702 4145 882 4196 contemtum
899 4155 980 4209 esse,
999 4135 1052 4193 cfr.
1071 4141 1085 4194 l
1101 4134 1182 4196 Sam.

76 4235 115 4311 ll,
133 4241 184 4310 303
207 4236 319 4298 isam.
333 4237 393 4310 VI,
411 4242 460 4310 223
486 4237 631 4310 Clavum,
654 4237 809 4310 Verrem,
833 4237 992 4308 Roseae,
1019 4235 1184 4307 Honsnn.;

76 4339 179 4412 quibus
202 4346 282 4400 recte
307 4338 504 4416 improbravit
526 4338 707 4411 H1rzlo1us,
732 4358 792 4398 non
817 4336 986 4414 essequod
1011 4336 1181 4413 sepeliatur,
1281 4406 1285 4416 .
