2966 5090
582 253 743 329 our.1‚v.
757 260 781 314 1.
1213 255 1232 324 7

60 441 61 448 ’
116 435 264 498 Percellit
281 444 381 503 autem
398 436 488 514 plage
503 437 607 498 divina
623 437 737 500 Ninum
759 445 851 515 caput
873 439 957 516 regui
974 457 1034 506 non
1056 449 1171 510 ,rmum
1189 451 1233 505 to·

117 539 176 598 tius
194 539 336 616 eorporis
353 537 437 612 loco,
462 539 514 598 sed
534 559 591 599 una
607 540 697 600 etiam
715 559 781 600 uum
798 559 849 612 co,
873 540 961 608 sicuti
984 542 1234 618 turpissimum

54 695 56 720 ,
116 641 147 698 in
170 657 282 716 genere
305 638 519 716 Hierosolyma
543 661 599 716 pro
623 641 750 715 Iudaea,
774 639 912 702 Samaria
934 659 991 718 pro
1015 643 1143 719 Israolc,
1168 645 1232 706 Da·

118 759 239 814 masona
258 760 315 816 pro
333 739 433 816 syria,
438 750 599 816 ponuntur.
634 741 714 802 Num
731 743 763 802 in
780 761 867 820 quem
885 742 972 820 quasi
989 744 1118 806 medium
1133 745 1231 808 locum

50 841 52 890 5
118 849 314 917 peccatorum
344 840 443 900 ubivIs
473 842 698 902 commissorum
728 844 859 920 undique
887 844 1004 907 redibat
1037 846 1173 922 grovitaa
1201 857 1232 910 et

48 947 50 990 J
116 942 282 1015 atrocitas,
301 961 336 1000 eo
355 961 473 1019 quoque
490 961 651 1018 poenarum
668 944 745 1006 ictus
762 943 851 1021 dirigi
868 945 999 1008 mxima
1015 949 1183 1023 oportebat.

45 1123 46 1128 η
166 1043 277 1102 Altera
295 1041 374 1102 tituli
390 1061 461 1118 pars
483 1052 634 1104 auctorem
652 1053 752 1117 notat,
776 1057 835 1121 tim
856 1059 924 1112 'tom
960 1045 1010 1106 Ex
1027 1067 1087 1126 quo
1104 1049 1144 1108 de'
1157 1067 1228 1125 pro·

45 1132 46 1144 ¹
116 1144 277 1220 puetarum
300 1142 431 1216 scholis,
451 1163 526 1221 quas
551 1145 667 1220 dicunt,
690 1145 766 1209 nibil
781 1145 910 1224 amplius
933 1147 1061 1210 radim
1083 1149 1116 1213 iu
1140 1149 1227 1212 libris

42 1216 45 1294 Ῐ
117 1244 230 1316 sacris,
254 1252 324 1322 post
340 1243 427 1304 Eliac
450 1263 555 1323 nempe
572 1255 803 1324 tempestatem,¹
816 1247 958 1325 movibus
975 1247 1037 1310 illic
1053 1257 1084 1310 et
1100 1249 1226 1312 funestis

115 1345 224 1422 pepuli
241 1344 359 1406 casibus
375 1345 501 1423 propius
522 1346 618 1408 indies
641 1349 837 1422 instantibus,
861 1367 976 1412 summa
993 1349 1132 1427 deinceps
1149 1352 1225 1416 vati·

114 1446 198 1506 cirria
213 1445 360 1522 perscribi
377 1456 483 1524 coepta
500 1457 583 1522 suut,
600 1449 691 1528 idque
707 1451 809 1510 divino
826 1449 926 1522 iussu,
951 1458 985 1510 ut
1000 1451 1119 1527 saepius
1137 1451 1224 1512 dooe-

114 1567 199 1621 mur,
226 1547 285 1606 Ies.
297 1547 387 1621 VIII,
407 1552 505 1620 1-163
530 1549 642 1623 XXX,
666 1555 697 1623 83
723 1549 957 1622 Hab.11,a.3;
982 1551 1087 1610 Isrem.
1101 1552 1222 1624 XXIX,

116 1653 205 1722 lss.;
231 1648 402 1722 Danllll,
428 1654 461 1721 1;
487 1649 564 1720 XII,
589 1655 616 1708 4.
635 1653 667 1722 9,
691 1649 798 1708 necin
821 1649 988 1708 futurorum
1013 1659 1126 1709 tuntum
1149 1659 1222 1710 tem-

113 1767 224 1824 porum
239 1767 327 1808 usum
343 1749 399 1808 les.
414 1748 525 1823 XXX,
544 1753 576 1822 ὃς
598 1750 702 1809 Ierem.
717 1749 829 1822 XXX,
846 1754 872 1808 2.
891 1753 924 1823 3,
949 1769 1052 1809 verum
1069 1753 1221 1810 coaetanei

114 1849 206 1908 etiam
222 1849 340 1926 generis
356 1868 463 1909 caussa
478 1849 582 1910 Ierem.
597 1851 751 1924 XXXVI,
772 1855 855 1924 1-6,
880 1857 914 1909 ut
930 1849 1046 1910 recitati
1062 1850 1093 1910 in
1110 1851 1221 1928 templo

113 1950 205 2010 latius
223 1949 454 2027 divulgarentur.
479 1950 581 2026 Quare
598 1970 663 2010 cnm
676 1951 751 2011 nihil
768 1951 822 2026 sit,
841 1951 913 2030 quin
930 1952 1126 2030 perscriptum
1143 1953 1222 2012 huuc

113 2051 225 2110 librum
249 2050 287 2110 ab
310 2051 378 2127 ipso
394 2049 535 2111 Nahumo
559 2051 777 2127 existimemus,
800 2060 878 2126 tum,
903 2073 980 2131 quac
996 2062 1062 2114 crat
1082 2072 1118 2113 eo
1135 2073 1231 2130 prae,

113 2152 217 2213 sertim
245 2160 379 2228 tempore
400 2152 595 2230 Assyriorum
621 2173 708 2216 maus
738 2153 881 2216 divinitus
902 2154 1046 2231 praedicti
1075 2154 1220 2232 gravitas,

112 2253 210 2330 magis
226 2252 317 2312 eiiam
332 2252 364 2312 ln
380 2253 458 2312 hanc
468 2254 647 2314 ¹sententium
659 2255 884 2333 compellimus
897 2256 1101 2318 damarum
1113 2274 1219 2334 nugas,

112 2354 165 2432 qui
189 2374 206 2412 e
228 2354 321 2413 verbo
342 2367 400 2415 noo
421 2354 584 2429 concludit,
613 2355 784 2416 vaticinium
806 2363 940 2417 nostrum
956 2356 1075 2433 ,scripte
1096 2357 1243 2442 maudo-¹

110 2466 174 2516 tum
195 2464 228 2515 et
248 2455 372 2516 miserm
393 2452 613 2516 Sennacheribo
637 2475 717 2530 esse,
740 2457 831 2534 idque
853 2457 983 2516 obeam
1005 2457 1151 2518 rationem
1173 2459 1219 2520 fa·

110 2565 207 2631 ctum,
230 2576 308 2635 quae
324 2555 478 2616 intercedit
494 2565 599 2616 nostro
614 2556 693 2616 libro
710 2557 883 2629 dunione,
909 2555 1045 2616 condano
1062 2557 1136 2618 satis
1153 2559 1217 2618 erit.

112 2658 255 2719 Adiectus
274 2657 420 2735 genitivus
442 2672 501 2737 pru
524 2657 671 2716 omnino
694 2656 955 2734 propheticum
978 2675 1061 2718 csse
1082 2655 1217 2716 librum

110 2759 253 2832 ostendit;
276 2776 443 2831 monemur,
467 2758 690 2819 describendum
707 2757 838 2818 hostium
854 2756 1076 2818 iuteritumucc
1092 2775 1216 2834 conspe-

107 2868 187 2920 ctum
201 2859 295 2920 oculis
306 2879 386 2934 esse,
403 2879 456 2918 neo
468 2868 539 2937 post
551 2869 688 2919 eventum
699 2867 882 2931 enarratum,
895 2877 991 2936 neque
1003 2857 1119 2918 ratione
1129 2866 1217 2917 antea

107 2971 137 3021 et
159 2961 330 3021 coniectura
352 2960 534 3034 nuntiatum,
564 2961 616 3020 aed
640 2961 740 3021 animo
763 2960 948 3020 extrinsecus
970 2967 1058 3037 rapto
1083 2959 1216 3018 oblatum

106 3082 159 3139 per
176 3061 306 3140 speciem
330 3070 360 3120 et
375 3061 537 3136 visionem,
563 3061 652 3122 etsie
673 3069 845 3142 perceptum
868 3060 962 3120 literis
984 3060 1093 3122 exludc
1109 3080 1216 3120 exara·

106 3172 177 3222 tum.
220 3164 264 3222 At
280 3182 352 3221 vero
374 3161 451 3222 inter
475 3181 629 3224 commune
651 3163 867 3224 divinationum
891 3181 983 3241 genua
1006 3170 1037 3222 et
1062 3181 1214 3223 sacrorum

106 3273 209 3324 vatum
226 3263 357 3323 visiones
374 3265 432 3322 hoc
448 3263 578 3324 maxime
601 3265 740 3338 interest,
766 3263 847 3342 quod
871 3263 973 3322 divino
992 3262 1099 3338 spiritu
1116 3272 1146 3322 et
1162 3282 1214 3322 ex-

16 3377 17 3382 ’
105 3367 237 3426 citantur
254 3373 284 3423 et
301 3363 477 3441 diriguntur.
518 3363 618 3439 Quare
641 3385 702 3424 non
724 3365 801 3423 mulo
819 3371 904 3421 notat
920 3364 1099 3436 Misenum,
1122 3365 1215 3422 verba

105 3467 133 3527 'u
155 3468 184 3528 'o
205 3465 339 3524 involute
352 3466 449 3524 dicere
465 3472 616 3526 auctorem
633 3466 720 3526 huius
736 3463 837 3524 oneris
853 3463 1064 3540 principalem,
1081 3463 1213 3526 ministe-

103 3568 208 3628 rialem
237 3565 346 3626 clarius
372 3566 516 3628 subiicere
536 3560 676 3641 *turpium
704 3578 787 3630 nunu.
829 3562 897 3622 Dei·
911 3573 1010 3626 autam
1038 3566 1131 3626 verba
1153 3583 1214 3624 non

102 3667 202 3728 audiri
221 3667 333 3740 solum,
357 3665 409 3727 sed
428 3665 573 3744 explicavi
596 3665 685 3726 ctiam
707 3671 851 3739 tanquam
868 3663 986 3737 omina,
1009 3683 1064 3724 uec
1080 3675 1113 3726 ut
1134 3686 1214 3726 mero

102 3770 236 3828 hnmana
252 3769 369 3828 debent.
386 3801 423 3812 -
458 3767 506 3828 Dc
523 3766 655 3828 Nahumi
671 3763 789 3826 nomine
807 3773 836 3826 ct
851 3764 951 3826 Elccsi
975 3764 1035 3824 situ
1052 3766 1105 3822 cir.
1123 3766 1212 3842 proll.

104 3884 165 3945 utu
187 3869 318 3947 regentis
336 3869 423 3929 simul
435 3870 519 3930 verbi
537 3877 567 3927 et
583 3869 655 3930 recti
668 3865 1070 3944 fungiturvIcibas(H1Tz.),
1087 3865 1119 3926 id
1131 3866 1213 3944 quod

104 3991 121 4028 e
137 3969 236 4030 vocali
254 3970 439 4046 subscripta,
458 3987 547 4048 quem
564 3970 674 4030 Ianum
691 3978 721 4028 et
733 3970 851 4028 Annum
869 3978 978 4031 temere
994 3968 1210 4043 produxerunt,

107 4081 190 4130 etex
208 4071 413 4148 exemplorum
438 4071 630 4133 similitudine
652 4078 792 4147 apparet3
820 4070 872 4130 cfr.
891 4069 1062 4144 mcxix,
1079 4072 1130 4141 293
1152 4067 1210 4130 les.

104 4173 150 4246 11,
171 4176 220 4244 113
239 4172 292 4232 En.
307 4171 457 4247 XXXIV,
477 4175 517 4232 14.

152 4273 218 4332 lum
243 4292 315 4332 vero
339 4274 466 4351 primum
492 4273 570 4334 tituli
601 4279 716 4350 partem
740 4274 872 4349 spuriam
896 4292 960 4334 esse
982 4273 1210 4346 Euuuuouruus,
