2918 5098
506 305 579 367 OAP.
594 307 640 380 lI,
660 327 687 366 v.
704 313 744 365 11.

573 563 602 601 v.
621 547 663 602 ll.

114 695 255 754 Vacuitos
273 702 300 751 ct
317 695 463 750 evacuatio
477 702 505 750 ct
520 695 672 750 modaitio
678 671 696 761 ,s
711 695 855 752 etuoimua
868 695 1047 770 liquefactus,
1066 705 1093 753 et
1106 700 1173 754 tito-

64 797 136 853 iatio
152 813 290 870 pecuum,
308 803 335 850 ct
351 794 460 852 dolores
472 797 694 869 parturientium
712 797 742 852 to
760 795 883 853 annitar
900 797 1016 864 Iamdiu·
1043 806 1070 854 ct
1078 798 1173 871 sactes

64 901 185 955 omqum
203 913 299 954 corum
317 898 475 970 compilant
490 896 627 952 ruborem.
651 895 819 955 Praeclaris
843 897 956 970 verbis,
979 899 1047 974 ipso
1071 917 1173 956 eornm

64 999 150 1056 etiam
182 997 284 1056 sonitu
314 996 491 1068 adiuvante,
529 997 678 1073 quomodo
709 997 779 1056 urbs
796 997 885 1072 plane
916 1007 1043 1057 exuatur
1067 1008 1096 1057 et
1120 1019 1172 1057 ex-

64 1099 204 1171 cutiatur,
231 1098 330 1175 primo
346 1115 451 1156 versus
469 1098 601 1154 membro
618 1097 753 1174 pingitur
760 1119 769 1168 3
795 1098 877 1172 dein,
902 1101 973 1177 quid
996 1101 1065 1158 victi
1082 1100 1172 1158 inter-

63 1201 131 1257 dum
149 1200 306 1278 patiantur
322 1197 438 1270 miseri,
464 1198 620 1256 advirum
647 1197 832 1273 exprimitur.
860 1213 975 1274 optant
999 1214 1077 1275 spa:
1096 1221 1124 1259 a.
1143 1222 1170 1260 v.

64 1315 119 1374 pt:
141 1328 174 1352 =
204 1314 285 1376 ,ητις
309 1298 470 1374 praeterita
493 1317 558 1358 esse
581 1307 731 1377 nequeunt
755 1297 940 1376 (Gaorrus),
966 1301 1036 1376 quis
1054 1321 1172 1362 sensum

64 1401 208 1460 referrent
223 1399 414 1458 transitivum
420 1421 429 1472 ;
447 1399 507 1458 imo
530 1400 651 1458 nomina
665 1407 748 1474 sunt,
767 1399 886 1459 diversa
908 1401 1023 1458 ratione
1044 1403 1173 1462 formata

64 1502 99 1558 ad
123 1503 291 1580 augendam
320 1501 405 1560 verbi
436 1501 605 1574 notionem,
635 1487 687 1558 c'fr.
714 1514 838 1564 antinus
862 1516 936 1560 :turn
958 1501 1050 1577 Zeph.
1074 1503 1104 1576 I,
1130 1509 1172 1577 15,

66 1617 173 1670 uuum
198 1601 481 1674 nuuth.11,14‚
507 1617 592 1666 nusi
615 1615 708 1660 nasso
730 1599 787 1658 Ies.
805 1600 932 1674 XXIX,
950 1605 976 1658 2.
1015 1603 1062 1660 De
1081 1607 1172 1662 verbo

66 1715 116 1775 pt:
135 1703 191 1761 cfr.
209 1723 239 1761 v.
257 1705 284 1760 3.
309 1697 414 1785 spino
432 1722 460 1761 a.
476 1723 504 1761 v.
524 1697 597 1777 pin,
622 1701 808 1760 coniunctum
831 1719 897 1759 cum
914 1719 1082 1778 synonymo
1110 1719 1171 1779 pp:

65 1801 118 1862 les.
132 1803 255 1876 XXIV,
269 1808 300 1875 13
318 1803 415 1862 forma
428 1802 570 1862 (iussum
588 1811 633 1862 est
650 1811 727 1878 part.
748 1801 820 1874 Pu.;
844 1801 952 1860 rectius
969 1802 1084 1877 Mnus,
1103 1804 1170 1863 Ew.

65 1904 202 1978 paritatis
221 1922 329 1964 caussa
346 1905 565 1964 substantivum
582 1923 647 1964 esse
665 1905 789 1976 docent,
808 1902 916 1980 quibus
933 1903 1045 1963 frustra
1062 1925 1171 1981 expro-

66 2005 129 2063 brat
145 2006 313 2078 Honnnu„
331 2005 470 2081 exempla
486 2005 548 2065 eius
566 2006 685 2079 deesse,
708 2023 773 2064 curn
791 2003 979 2064 formationis
996 2025 1089 2084 genus
1106 2005 1171 2083 pla-

65 2125 131 2164 num
147 2118 308 2184 ratumque
326 2106 374 2165 sit.
417 2105 614 2192 Singularitas
638 2116 736 2166 autem
759 2123 794 2164 eo
818 2125 874 2164 nos
897 2107 1033 2180 adducit,
1057 2117 1090 2167 ut
1107 2108 1171 2167 Na-

66 2206 150 2265 humo
171 2209 332 2266 obversata
349 2225 415 2266 esse
432 2208 547 2268 lesaiae
564 2209 656 2266 verba
673 2225 863 2280 conseamus,
882 2208 999 2281 XXIV,
1019 2214 1050 2282 13
1075 2229 1172 2286 neque

66 2326 132 2366 vcro
148 2309 272 2368 inversa
289 2308 410 2367 concedi
427 2309 505 2367 ratio
519 2316 633 2384 potest,
652 2327 718 2366 cum
737 2308 885 2366 continuis
905 2307 946 2365 ibi
965 2311 1171 2370 assonantium

67 2410 221 2469 verborum
244 2409 368 2486 paribus
390 2427 552 2470 concussae
576 2429 630 2485 per
651 2408 761 2467 iudicia
785 2407 886 2465 diuina
908 2417 1005 2486 terrae
1031 2412 1172 2488 pingatur

66 2507 176 2588 fragor,
196 2519 301 2570 nostro
315 2518 413 2569 autem
426 2511 493 2568 loco
507 2510 626 2568 unicum
640 2508 809 2584 exemplum
827 2507 875 2565 sit.
895 2507 964 2581 Qua'
975 2511 1006 2566 in
1023 2510 1171 2569 vicissitu-

68 2609 129 2670 dine
146 2611 290 2670 eximium
306 2611 381 2670 latet
397 2610 567 2670 authentice
584 2609 770 2669 vexatissimi
786 2607 866 2666 illius
884 2608 990 2684 capitis
1012 2611 1170 2669 documen-

67 2718 134 2771 tum.
152 2747 190 2756 -—
215 2711 348 2772 Notasse
371 2721 469 2770 autem
493 2712 652 2784 voluerim,
680 2730 739 2768 non
762 2710 860 2768 forma
891 2709 987 2769 solum
1010 2711 1170 2770 verborum

68 2830 166 2872 velum
182 2833 304 2872 numero
323 2803 415 2872 etiani
430 2813 613 2890 syllabarum
631 2811 774 2870 contineri
788 2810 992 2887 gradationem
1006 2811 1144 2891 (2-3-4).

112 2913 164 2975 Sic
181 2915 348 2991 spoliantur
364 2914 493 2991 palatia,
523 2914 701 2990 diripiuntur
724 2912 871 2984 thesauri3
896 2911 967 2988 quid
985 2921 1084 2972 autem
1100 2915 1170 2974 bea-

68 3021 110 3074 tos
130 3023 234 3074 manet
256 3015 388 3074 incolas?
412 3049 447 3058 -—
474 3015 595 3073 Animus
619 3016 800 3090 ltqaesuctua,
828 3027 887 3074 ont
915 3021 993 3090 part.
1018 3014 1087 3089 Ni,
1111 3035 1171 3074 non

68 3117 255 3189 praeteritum
280 3125 402 3192 proptor
425 3117 580 3194 sequentia
602 3123 631 3175 et
655 3115 859 3175 antecedentia
866 3137 875 3187 3
899 3129 962 3176 oon
984 3143 1018 3168 =
1044 3135 1098 3179 usn
1118 3119 1170 3178 cfr.

68 3214 95 3288 I,
112 3223 143 3289 5,
168 3219 288 3277 decora
306 3217 412 3277 dicitur
428 3217 480 3276 Ps.
498 3218 647 3291 LXVIII,
672 3219 709 3276 de
725 3217 877 3276 montibus
894 3216 951 3274 les.
969 3219 1119 3293 XXXIV,
1138 3224 1170 3291 33

69 3319 208 3379 translate
231 3320 267 3378 de
290 3337 424 3378 maerore
447 3326 476 3376 et
498 3319 604 3378 timore
627 3319 688 3378 Ios.
707 3318 781 3390 VII,
806 3321 822 3374 5
850 3331 910 3382 *mu
933 3331 998 3378 nnn
1021 3314 1079 3380 :1³5
1102 3334 1170 3384 nnus

69 3415 164 3496 &0²73
190 3419 243 3478 cfr.
261 3419 350 3478 Deut.
369 3420 448 3492 XX,
466 3423 498 3492 83
521 3421 579 3479 Ios.
598 3419 690 3491 XIII,
709 3423 734 3475 7.
753 3417 847 3487 XIX,
868 3420 880 3472 l
900 3415 968 3486 all.;
996 3415 1104 3475 similia
1128 3419 1172 3476 di·

70 3522 150 3580 cendi
168 3539 277 3597 genera
292 3521 450 3597 proposuit
462 3521 600 3578 Bnomus
617 3518 695 3578 Bibl.
711 3515 895 3576 Seelenlehre
912 3535 942 3590 p.
959 3520 1016 3572 101.
1035 3514 1172 3578 Secundo

69 3618 131 3682 loco
158 3622 269 3699 captiui
285 3622 440 3698 patiuntur
479 3637 572 3682 nunu:
596 3635 647 3696 pin
676 3617 896 3677 vacillationem
919 3633 1045 3692 genuum
1063 3620 1172 3680 rectius
1237 3682 1241 3690 ,

72 3762 268 3776 ’κ-ι--η

71 3849 217 3912 contained3
241 3849 354 3913 scarcely
372 3849 512 3914 anything,
536 3863 601 3898 eren
620 3850 650 3899 of
665 3848 773 3906 bronze,
798 3845 906 3909 escaped
931 3845 973 3896 the
996 3843 1104 3908 spoiler,
1128 3846 1173 3896 but

72 3929 100 3982 hc
116 3934 313 3998 unoonscIously
335 3935 382 3983 left
399 3934 471 3984 what
485 3937 517 3984 ‘is
533 3935 586 3984 stiIl
603 3948 674 3984 mors
691 3930 816 3982 valuable.
851 3929 904 3980 For
921 3935 948 3980 to
971 3929 1014 3979 tha
1037 3930 1130 3994 falling
1146 3931 1172 3980 in

72 4018 98 4066 of
117 4019 161 4068 the
184 4020 255 4070 roofs
278 4021 308 4069 of
327 4019 371 4069 ths
395 4020 537 4084 buildings,
560 4020 594 4084 by
616 4018 657 4068 his
681 4017 776 4080 setting
796 4017 843 4066 fire
866 4023 894 4066 to
920 4016 964 4065 the
986 4016 1099 4065 columns
1122 4015 1174 4066 and

72 4098 155 4152 beans
172 4103 229 4153 that
252 4103 391 4169 supported
414 4103 500 4167 them,
524 4105 576 4154 and
594 4105 634 4152 his
651 4103 805 4166 subsequent
823 4103 981 4154 destruction
998 4101 1028 4150 of
1039 4099 1174 4164 thcwalls,

73 4197 109 4235 wa
127 4203 171 4238 are
188 4188 313 4238 indebted
331 4189 372 4240 for
390 4187 432 4238 the
451 4189 649 4252 extraordinary
665 4189 843 4249 preservaticn
861 4187 891 4236 oi
906 4187 949 4237 the
967 4187 1116 4250 sculpturas.
1143 4187 1175 4236 In

73 4267 137 4319 them
153 4287 195 4320 we
214 4287 315 4336 possess
338 4288 371 4324 an
395 4273 525 4324 authentIc
548 4279 743 4338 contemporary
767 4273 967 4324 commentatus
996 4272 1026 4321 of
1050 4269 1093 4320 the
1117 4286 1174 4336 pro-

72 4351 169 4411 pheeies
188 4357 253 4406 etc.“
