2918 5098
282 319 353 390 100
681 319 829 394 cisen,
847 325 985 380 v.s--1e.

278 509 360 588 ptios
389 517 420 566 et
448 472 613 582 Aethiopes
642 506 722 581 apud
752 505 897 584 oppidum
926 503 1071 563 Lachiseh
1101 503 1248 580 gloriatur
1262 504 1282 577 ¹,
1322 523 1391 563 oum

279 609 413 687 Aegypti
428 607 525 684 ip'sins
541 609 792 682 expuguationem
810 613 891 665 certo
908 623 967 664 non
985 604 1150 676 omisissem
1167 605 1230 663 imo
1247 605 1313 682 ipse
1320 603 1390 665 Tir-

279 711 386 782 rhaka,
401 708 502 768 neseio
519 727 558 766 ao
575 715 698 784 propter
714 707 945 785 ignominiosum
961 706 1045 764 sslum
1061 705 1242 782 reeeptum¹‚
1260 706 1391 766 debella·

279 821 328 872 tos
360 812 453 870 iactat
485 805 659 885 Assyrium,
694 808 785 887 idque
819 808 850 866 in
880 807 956 884 ipsis
980 806 1151 865 Thebarum
1179 809 1390 867 monumentis.

278 915 311 992 3)
326 913 502 982 Postremo,
519 929 557 966 ne
575 909 642 986 quis
654 909 792 968 videatur
809 909 938 968 omissus
955 927 1036 980 esse,
1054 908 1391 968 Assarrhadouem

279 1013 369 1074 etiam
386 1011 444 1072 sibi
460 1009 570 1087 delegit
585 1009 789 1084 Ksnmsurtm,
809 1012 953 1068 Asrnnru
971 1008 1150 1086 quibusdam
1167 1008 1258 1068 nixus
1276 1010 1388 1082 verbis,

279 1115 318 1174 ab
352 1109 510 1172 Eusnsr0⁴
543 1110 674 1186 traditis,
710 1131 787 1189 quae
821 1110 984 1184 Axerriim,
1018 1109 1039 1168 i.
1063 1129 1088 1168 e.
1117 1111 1389 1186 Assar-rhodonem,

280 1216 474 1291 „Aegyptum
490 1219 650 1288 partesque
667 1211 775 1290 Syriae
789 1211 940 1271 inferioris
950 1211 988 1269 in
1006 1227 1092 1270 suam
1108 1218 1288 1286 potestatem
1305 1212 1389 1270 rede·

279 1316 381 1393 gisse“
398 1315 519 1385 doeent3
545 1313 653 1390 quibus
676 1322 789 1391 quanta
810 1311 947 1372 habenda
963 1311 1038 1370 fides
1055 1311 1108 1384 sit,
1133 1311 1243 1370 dudum
1267 1311 1390 1371 demon·

280 1415 388 1476 stravit
409 1412 635 1474 Nlnnbrsmbs⁸.
661 1447 697 1458 -·
722 1414 839 1490 Quibus
869 1413 1007 1472 omuibus
1031 1413 1212 1488 argumentis
1236 1413 1314 1472 adde
1337 1414 1388 1485 sis,

280 1517 388 1593 quibus
407 1493 599 1593 Assyriorum
617 1515 826 1592 cogitationem
845 1514 998 1590 prohiberi
1015 1512 1155 1573 diximus.

331 1615 434 1678 Satius
467 1633 563 1692 ugera·
588 1615 779 1689 videbuntur,
817 1615 867 1693 qui
901 1633 962 1672 non
997 1613 1036 1672 ad
1066 1613 1227 1691 Assyrios,
1264 1614 1317 1673 sed
1352 1615 1389 1674 ad

280 1719 325 1798 ΙΙ)
342 1718 553 1793 Aethiopes
570 1717 742 1776 referebant
758 1717 927 1775 Thebarum
945 1715 1213 1792 expugnationem,
1232 1733 1309 1796 quos
1327 1715 1389 1774 exi·

204 1818 211 1827 '
280 1829 343 1879 tum
360 1809 406 1877 8γι
424 1835 482 1878 see.
505 1837 609 1877 versus
627 1817 881 1894 Aegyptiamrum
903 1835 1010 1878 rerum,
1024 1817 1137 1893 potitos
1160 1833 1226 1875 esse
1242 1825 1362 1877 constat
1370 1816 1388 1875 ⁶.

279 1920 450 1997 (Vrrmuos
472 1925 536 1994 typ.
563 1917 657 1976 doctr.
681 1905 808 1994 propin,
838 1915 995 1991 Guorltm,
1023 1914 1220 1994 Hueunnfflb
1262 1918 1324 1990 At,
1359 1927 1389 1976 ut

278 2019 464 2090 omittamus,
488 2035 608 2075 omnem
627 2017 772 2094 regnandi
789 2018 953 2091 rationem,
978 2037 1039 2097 qua
1058 2035 1145 2094 reges
1167 2017 1211 2075 iili
1228 2015 1387 2077 Ousohitae

279 2119 437 2177 utebantur
444 2115 465 2191 ⁸,
483 2117 628 2176 eiusmodi
645 2135 727 2191 esse,
746 2127 778 2176 ut
796 2120 1047 2196 expugnationem
1065 2129 1095 2178 et
1112 2118 1295 2178 eversionem
1311 2120 1388 2177 The·

278 2221 399 2291 barum,
423 2218 600 2294 praecipuae
623 2219 780 2278 Ammonis
804 2220 920 2278 uolendi
938 2221 1037 2293 sedis,
1070 2221 1123 2278 vix
1150 2219 1216 2298 pati
1237 2217 1387 2280 videatur:

278 2319 411 2379 Nahumi
427 2320 519 2379 verba
536 2320 717 2379 contrariam
741 2321 938 2398 comprobant
963 2321 1156 2394 sententiam,
1183 2339 1249 2378 oum
1266 2322 1388 2380 Aethio·

277 2439 332 2498 pes
354 2423 432 2488 inter
454 2419 569 2480 auxilia
592 2429 621 2479 et
644 2421 743 2481 sotios
761 2422 979 2499 Aegyptiorum
1003 2430 1212 2482 reeenseantar
1228 2441 1255 2479 v.
1271 2422 1318 2481 tbi

329 2521 473 2601 Reliquas
492 2521 648 2599 opiniones
671 2523 774 2598 paneis
792 2523 994 2582 abmlvamos.
1027 2522 1090 2601 III)
1106 2524 1155 2582 Ad
1173 2541 1231 2582 seu.
1250 2513 1300 2581 7¹³¹
1316 2533 1386 2583 tem-

278 2632 440 2700 pestatem,
460 2643 520 2700 qua
536 2625 695 2702 Aegyptus
712 2623 836 2682 internis
854 2623 1065 2682 ooneutebatnr
1081 2624 1230 2695 tumultis,
1254 2626 1387 2704 eonfngit

277 2725 451 2798 Eusenos,
475 2725 610 2803 neglecto
637 2724 712 2784 102⁰
734 2723 867 2784 Nahumi
895 2743 1002 2799 versu,
1034 2725 1118 2786 ouius
1145 2725 1238 2784 verba
1275 2743 1331 2786 uun
1353 2743 1387 2787 ns

279 2935 481 2946 *aun—u—

329 3097 355 3160 1)
372 3099 425 3150 Gir.
443 3097 617 3150 Reunntmm
630 3099 748 3154 Outliues
766 3102 796 3152 of
805 3102 866 3154 Aee.
878 3104 946 3156 nist.
966 3119 991 3168 p.
1003 3104 1125 3168 XXXV5
1143 3105 1309 3158 Athenaeum
1320 3105 1385 3157 Lou-

277 3181 385 3236 dineuse
404 3183 480 3244 1851,
497 3176 548 3234 No.
562 3184 645 3246 1243,
662 3201 687 3249 p.
701 3185 765 3250 903,
784 3186 809 3236 b.

328 3267 354 3332 2)
373 3267 426 3320 Cir.
445 3267 523 3318 etiam
541 3267 641 3318 Hssoo.
658 3267 702 3332 11,
721 3271 779 3320 141.

327 3352 354 3416 3)
371 3352 501 3418 Imagines
518 3353 545 3402 in
563 3353 699 3418 pylonibus
717 3365 854 3418 expressae
866 3363 1104 3421 monumentorum,
1122 3373 1188 3423 quae
1199 3373 1268 3411 nuno
1282 3361 1383 3411 nomine

273 3437 475 3488 Meuius-Abu
497 3437 760 3502 comprehenduntur,
784 3439 872 3490 deoem
895 3439 1019 3491 exhibent
1041 3450 1131 3508 gentas
1154 3445 1299 3507 Asiaticas,
1323 3459 1383 3509 quas

274 3520 405 3572 'Pirrhsks
432 3535 479 3572 rex
502 3528 574 3573 tenet
603 3523 718 3585 vinetas3
741 3523 787 3572 eir.
810 3524 897 3574 erm
919 3525 1078 3578 Denluniler
1100 3543 1146 3578 aus
1170 3529 1237 3592 Aeg.
1267 3545 1293 3579 u.
1317 3529 1382 3580 Nub.

273 3611 334 3657 sest.
345 3605 380 3667 V,
397 3605 450 3656 tab.
462 3605 490 3668 13
508 3605 654 3658 Bormum
670 3616 828 3666 monument.
846 3616 922 3660 storr.
940 3611 991 3661 voi.
1004 3611 1046 3673 Π,
1065 3611 1118 3662 tab.
1132 3614 1195 3674 150;
1212 3615 1265 3663 tris
1281 3616 1380 3678 quidem

273 3690 380 3742 uomina
401 3691 519 3756 apposita
541 3699 615 3754 sunt,
639 3707 748 3756 quorum
771 3694 926 3758 signihostie
946 3695 1063 3746 nondum
1088 3697 1151 3748 aaut
1174 3697 1310 3750 enucleata
1333 3705 1379 3758 est3

271 3775 388 3826 vultuum
405 3779 492 3825 tamen
510 3783 604 3826 natura
622 3783 648 3826 et
664 3777 746 3828 barba
763 3777 907 3830 Asiaticum
925 3779 1022 3829 indicat
1044 3793 1139 3844 genum
1163 3795 1194 3838 ao
1217 3783 1296 3832 modo
1321 3789 1379 3831 tem-

272 3860 343 3922 poris
359 3857 499 3910 habeamus
517 3862 657 3925 rationem,
674 3863 720 3912 rix
737 3862 802 3912 elios
820 3875 955 3928 mosomus
970 3872 1049 3927 quam
1066 3863 1191 3928 Assyrios
1206 3867 1357 3931 intelligere.

299 3930 348 4004 ‘4)
364 3941 469 3991 Bessan
486 3943 574 3995 ehron.
593 3959 657 3995 arm.
675 3946 715 3996 ed.
733 3949 849 3998 Auens.
867 3947 903 4011 (4)
920 3963 945 4012 p.
955 3947 996 3998 54.

321 4026 348 4088 5)
365 4024 460 4076 Kleine
477 4024 607 4078 Schriften
623 4028 654 4091 1,
672 4029 722 4080 106
740 4043 775 4080 as.

320 4110 348 4172 6)
365 4108 420 4159 Gir.
437 4109 541 4160 Hraon.
558 4110 602 4173 11,
620 4113 679 4166 let.

320 4193 347 4254 t)
362 4193 404 4242 Da
420 4193 498 4244 rebus
516 4197 683 4260 Assyriorum
701 4212 726 4261 p.
740 4198 772 4248 51
791 4204 846 4255 not,

318 4276 344 4338 8)
362 4277 415 4328 Cir.
433 4279 518 4330 ersu
535 4279 624 4331 Briaie
642 4295 688 4330 aus
705 4281 843 4346 Aegypton
861 4297 885 4346 p.
898 4283 958 4335 ato.

317 4359 344 4421 9)
362 4359 416 4411 Cir.
432 4363 510 4414 Zeus.
529 4363 576 4414 1.1.
594 4379 620 4428 p.
631 4365 697 4428 3763
715 4363 862 4417 Susum.
880 4365 929 4418 bl.
947 4367 1126 4432 p.152;Ew.
