2918 5098
512 319 585 382 um.
598 321 706 395 n1‚v.
723 327 764 382 15.
1117 323 1187 394 117

80 505 190 563 fressen
222 507 283 562 ct.“
320 502 369 579 pb*
397 505 529 564 locustae
557 524 664 566 nomen
693 507 779 584 poesi
809 510 981 586 proprium,
1010 513 1139 588 primum
1169 535 1189 576 a

79 605 173 677 lodle,
201 605 331 682 indeque
353 605 406 664 Ps.
432 604 497 679 GV,
522 611 571 681 84,
601 608 659 668 Ies.
682 609 741 683 LI,
772 614 805 668 27
839 611 1016 684 delibatum
1052 623 1188 691 repeten-

80 707 145 764 dum
159 723 268 765 nornen
284 704 353 764 inde
370 715 430 780 est,
448 707 530 783 quod
545 708 680 768 lambunt
697 711 917 788 quodammodo
934 712 1067 774 locustae
1084 733 1185 793 agros,

81 807 140 866 sire
162 825 249 865 rasos
272 807 407 865 reddunt.
450 806 614 868 Genusum
644 809 835 887 opinionem,
861 813 912 891 qui
948 813 979 872 iu
1007 834 1113 876 corum.
1144 818 1184 878 ad

77 907 202 980 Ioelem,
220 909 369 974 Acumen
386 917 519 981 secutus,
537 919 679 987 quattuor
695 913 877 973 locustarum
891 914 1059 975 nominibus
1075 916 1118 974 ibi
1130 919 1183 976 ob.-

77 1009 132 1068 riis
151 1016 247 1068 certas
265 1027 367 1068 earum
384 1016 496 1069 aetates
515 1019 544 1068 et
568 1013 654 1088 quasi
677 1013 861 1074 evolutiones
883 1013 1035 1092 indigitari
1059 1018 1182 1096 cogitat,

79 1104 127 1183 pb*
159 1117 256 1168 autem
285 1109 357 1182 dici,
388 1110 562 1188 priusquam
592 1121 729 1189 quartam
759 1124 855 1173 cutem
879 1116 1012 1190 exuerit,
1042 1118 1183 1178 refutavit

76 1209 234 1268 Husosm.
252 1210 394 1270 Obristol.
413 1211 475 1283 III,
496 1232 527 1289 p.
543 1216 591 1270 149
610 1231 650 1273 ss.
676 1215 849 1292 Ambigitur
875 1225 991 1291 autem,
1014 1226 1113 1276 utrum
1130 1214 1183 1295 pbr

75 1319 179 1370 nostro
207 1311 277 1370 loco
305 1311 345 1372 sit
373 1313 560 1373 accusativus
589 1332 629 1372 an
658 1315 874 1390 nominativum
902 1317 987 1376 illum
1015 1326 1184 1379 statuerunt

4 1417 5 1480 ξ
76 1410 189 1483 Genu,
207 1410 323 1485 Geor,
342 1412 479 1486 Knsnn,
497 1415 580 1488 Em,
598 1414 705 1489 Hrrz„
729 1419 767 1476 ob
786 1417 941 1494 sequentia
961 1419 1099 1478 nimirum
1116 1439 1179 1494 ra,

4 1515 5 1520 ’
74 1513 125 1571 ubi
152 1512 287 1573 linctoris
310 1513 472 1573 similitudo
506 1513 652 1590 adipson
684 1517 862 1577 transfertur
883 1519 1038 1594 Assyrios.
1069 1520 1183 1579 Dicunt

4 1621 5 1632 ²
72 1621 173 1672 autem
191 1614 237 1672 rel
255 1613 285 1672 in
312 1615 423 1674 oriente
439 1615 623 1675 locustarum
648 1616 768 1693 agrnin'a
790 1617 859 1695 igne
880 1618 1028 1676 interdum
1053 1639 1179 1680 accenso

3 1757 4 1800 q
72 1714 182 1790 depelli
206 1715 374 1793 (Kereus),
396 1715 440 1775 ita
461 1735 584 1792 nempe,
617 1725 650 1776 ut
671 1717 756 1795 ignes
781 1719 978 1777 accendantur
999 1720 1115 1796 magni,
1146 1721 1179 1778 in

3 1845 4 1892 3
72 1835 150 1894 quos
169 1815 295 1875 debeant
311 1815 453 1890 incidere,
479 1836 545 1878 cum
568 1836 630 1876 non
652 1820 771 1900 possint
794 1818 853 1880 nisi
870 1829 951 1878 recto
969 1820 1073 1879 itinere
1090 1822 1179 1896 proni

2 1959 3 2000 ,
71 1918 176 1978 volare
199 1917 312 1994 (Ew.);
337 1937 391 1976 nee
414 1918 583 1992 defuerunt,
609 1911 663 1998 qui¹
685 1939 701 1978 e
721 1920 814 1980 L1VIO
837 1921 940 1994 XLII,
960 1925 993 1979 10
1015 1931 1044 1980 et
1065 1921 1178 1980 ano

2 2069 3 2086 2
69 2017 105 2078 N
107 2062 114 2077 .
132 2017 173 2076 H.
188 2018 253 2091 XI,
278 2021 311 2075 29
330 2018 499 2092 didicerint,
523 2019 632 2096 gladiis
649 2022 739 2080 etiarn
756 2021 925 2099 Impugnari
942 2022 1057 2082 belluae
1073 2021 1177 2082 istasll

2 2101 3 2106 ἵ
70 2121 117 2178 At
133 2137 205 2178 vero
232 2137 304 2177 num
329 2127 442 2178 tanturn
461 2120 605 2180 eiusmodi
622 2123 872 2198 manipulationes
886 2102 1029 2182 adversus
1045 2123 1180 2200 iugentia

1 2231 2 2292 ξ
69 2223 254 2280 locustarum
270 2221 390 2297 agmina
406 2220 566 2280 remedium
583 2223 739 2295 afferrent,
763 2223 875 2300 quippe
892 2223 1058 2300 quae'soIIs
1075 2224 1178 2282 hodie·

1 2371 2 2374 ,
69 2341 131 2401 que
155 2321 316 2381 obscurant
331 2321 444 2394 lucem,
468 2331 499 2380 et
521 2341 599 2399 quae
615 2323 695 2398 apud
711 2321 823 2380 Ioelem
839 2323 889 2380 all.
914 2331 1067 2399 tamquam
1083 2323 1177 2383 inelu-

68 2422 195 2483 etabiles
211 2422 417 2482 describuntur
428 2423 632 2496 calamitates,
655 2441 733 2500 quae
754 2422 944 2498 exstinguere
962 2423 1063 2481 omnia
1086 2432 1178 2500 atque

69 2523 192 2601 depasci
209 2524 319 2596 solent,
339 2539 399 2601 quo
412 2523 655 2600 progrediuntur,
674 2530 789 2581 tantum
800 2522 866 2580 dieo
880 2523 1057 2595 remedium,
1075 2531 1109 2582 ut
1120 2523 1175 2582 im·

68 2643 174 2686 mensa
195 2623 235 2684 iis
254 2625 451 2701 Assyriorum
474 2632 590 2701 strages
612 2623 711 2682 valeat
733 2623 920 2700 comparari?
957 2624 988 2701 2)
1011 2621 1176 2700 Sequemur

68 2728 163 2805 igitur
180 2725 256 2785 alios
273 2725 449 2801 interpretes
467 2723 605 2797 Marcu,
624 2723 786 2798 omnsu,
805 2723 967 2797 Hennam,
985 2723 1105 2797 Unam,
1124 2725 1175 2802 qui

66 2827 283 2888 nominativum
300 2835 490 2902 acceperuut:
515 2825 671 2884 devorabit
687 2832 716 2883 te
733 2833 766 2883 ut
781 2825 915 2897 locusta3
946 2825 993 2883 cui
1008 2825 1174 2885 sententiae

67 2928 250 2989 casuarium
273 2945 340 2986 esse
354 2927 475 3003 nequit,
499 2927 580 3002 quod
602 2926 704 2985 eadem
722 2925 884 2984 similitudo
908 2926 940 2984 in
961 2925 1064 2984 eodem
1086 2945 1176 2986 versu

66 3029 196 3091 dirersis
212 3027 309 3088 modis
326 3027 491 3101 adhibetur,
510 3045 575 3086 oum
593 3033 750 3105 sequentes
772 3046 820 3086 vv.
834 3031 875 3085 16.
890 3031 922 3086 17
940 3025 1063 3086 eandem
1080 3025 1175 3086 vicem

65 3131 235 3194 ostendant.

117 3233 225 3292 Altero
247 3232 380 3290 membro
403 3229 585 3290 locustarum
610 3230 709 3310 Imago
728 3234 766 3292 ad
783 3232 979 3310 Assyriorum
997 3230 1176 3289 transfertur

64 3337 217 3413 ingentem
233 3332 468 3405 multitudinem,
486 3339 577 3407 atque
593 3333 668 3390 adeo
686 3334 849 3392 adnomen
868 3329 918 3409 pb
935 3329 1049 3390 accedit
1071 3347 1173 3403 naun,

64 3436 150 3516 quod
166 3442 291 3510 propter
306 3433 508 3492 incredibilem
524 3449 693 3506 numerum,
717 3434 756 3492 ad
780 3453 868 3510 quem
892 3432 1026 3492 celeriter
1047 3431 1174 3507 amplifi-

64 3545 189 3608 cantur,
214 3535 320 3594 belluis
347 3534 413 3594 Istis
436 3532 608 3608 impositum
626 3541 680 3593 est.
707 3532 885 3593 Conceditur
901 3532 1038 3610 Assyriis
1060 3531 1173 3590 numeri

62 3636 269 3718 praestantia,
294 3644 394 3696 tamen
410 3642 507 3693 certus
530 3633 568 3692 iis
591 3632 729 3694 interitus
750 3633 903 3694 nuntiatur
919 3652 947 3692 r.
968 3652 1013 3710 sq.
1038 3633 1173 3692 Multitu-

64 3739 146 3800 dinis
169 3737 247 3796 enim
270 3737 479 3813 cogitationem
501 3751 641 3811 regnare,
667 3755 764 3814 neque
788 3753 859 3794 vero
883 3733 1057 3811 gravitatis,
1083 3753 1172 3810 quam

64 3861 129 3901 ev.
153 3855 213 3900 'ras
240 3837 343 3896 elicuit
357 3837 553 3897 Unerrrcrrrus
570 3835 632 3914 (die
653 3837 716 3898 sich
738 3837 769 3895 in
792 3837 939 3896 schwerer
954 3834 1029 3892 Last
1050 3835 1105 3892 auf
1126 3833 1174 3892 die

62 3945 182 4002 Bdume
197 3939 338 4016 bdngen),
357 3959 415 3998 er.
431 3943 463 3995 16
479 3945 580 4013 patet3
594 3945 624 3996 et
641 3960 668 3998 v.
686 3954 747 4000 'run
765 3938 825 3997 Kal
839 3937 876 3996 de
888 3935 975 4013 gravi
985 3934 1173 3993 multitudine

61 4043 176 4120 legitur
193 4039 269 4100 Gen.
288 4039 383 4114 XIII,
399 4043 432 4113 2,
454 4039 513 4098 adi.
536 4054 598 4130 Ἦ
618 4039 677 4097 Ex.
695 4039 788 4112 VIII,
806 4043 849 4100 20.
869 4036 917 4110 X,
936 4041 970 4094 14
985 4035 1053 4108 all.,
1076 4035 1171 4094 subst.

62 4148 127 4220 nnn
146 4142 199 4200 cfr.
218 4141 263 4215 II,
283 4146 324 4199 10.
342 4139 515 4217 Ambigitur
531 4149 629 4200 autem
647 4140 684 4198 de
699 4139 800 4216 priore
816 4138 899 4198 verbi
916 4138 1014 4196 forma
1054 4150 1173 4222 ipsqui,

62 4223 166 4303 utrum
181 4242 265 4301 infin.
281 4241 379 4302 absol.
397 4261 437 4300 an
453 4240 589 4318 imperat.
604 4258 694 4299 masc.
714 4239 770 4311 sit3
793 4239 819 4299 si
835 4240 909 4298 baec
924 4246 971 4298 est
986 4238 1100 4308 forma,
1118 4253 1172 4311 per

62 4343 230 4404 ohiasmum
246 4343 396 4404 inversum
413 4342 599 4401 referendum
616 4349 661 4402 est
678 4341 716 4400 ad
734 4339 908 4418 Assyrium,
933 4355 1059 4415 sequens
1077 4337 1097 4396 f.
1116 4335 1171 4394 inr-
