2918 5098
512 369 585 430 (lar.
600 371 645 446 ΙΙ,
664 391 691 430 v.
706 375 731 428 7.
1132 369 1178 439 69

73 554 194 614 Mossuli
212 555 371 631 opposita,
396 563 425 612 et
443 556 602 614 secundum
626 556 726 614 omnia
742 555 851 614 indicia
869 574 986 632 semper
1002 559 1180 634 perfluxisse

73 655 217 732 putandus
235 655 320 714 estl¹
338 674 499 731 eorumque
517 656 590 716 satis
613 657 761 716 luculenta
774 657 921 733 hodieque
934 659 1061 734 vestigia
1076 660 1179 718 fossae

73 757 136 816 illae
154 756 289 814 referunt
305 755 383 814 inter
400 757 529 832 triplicia
546 757 728 817 munimenta
744 779 763 816 a
780 757 902 818 Khosar
919 777 1006 818 amne
1025 760 1178 818 meridiem

74 876 171 918 versus
190 857 350 929 deductae,
375 875 451 933 quas
467 857 533 933 ipse
549 857 690 918 describit
706 859 847 918 Tucurus
865 877 895 934 p.
910 863 977 932 754,
1000 867 1030 918 et
1052 879 1178 938 quarum

73 966 218 1017 structura
237 957 375 1016 universa
392 957 541 1016 fossarum
559 969 697 1018 naturam
714 967 817 1035 aperte
826 958 969 1036 proditl²
991 993 1028 1004 -—
1053 960 1084 1037 2)
1101 961 1177 1020 Pos-

73 1066 247 1117 suntautem
267 1059 297 1116 'rt
312 1059 348 1116 'm
364 1057 424 1116 dici
437 1058 526 1117 etiarn
543 1079 583 1131 „a
602 1059 678 1120 situ
695 1060 741 1118 ad
758 1059 927 1118 fluvios“
946 1060 1034 1119 sicuti
1049 1061 1178 1120 reddidit
1197 1105 1200 1112 .

72 1159 254 1218 Lusitanus:
273 1158 463 1232 „DicThore
480 1178 517 1218 au
535 1160 743 1220 denWassern
761 1159 878 1219 werden
895 1161 1069 1239 gedffnet;“
1088 1170 1178 1240 atque

73 1260 103 1316 in
124 1259 200 1317 hanc
229 1259 420 1332 sententiam,
460 1268 688 1320 consentaneam
718 1260 862 1334 maxime,
897 1261 1019 1337 plurimi
1048 1283 1097 1322 vv.
1128 1262 1177 1322 dd.

73 1360 214 1418 abierunt.
230 1391 233 1394 ·
250 1375 344 1425 niun)
369 1369 467 1418 autern
491 1380 551 1418 non
575 1370 620 1420 est
639 1363 719 1440 quod
736 1382 791 1439 per
808 1361 1013 1422 excellentiam
1023 1361 1178 1439 Tigridem

73 1461 164 1520 solum
173 1461 348 1538 significent,
364 1461 729 1540 utissocunarusPhuleg.
744 1483 773 1538 p.
781 1467 847 1534 276,
864 1461 964 1520 Turn.
979 1463 1047 1522 coll.
1061 1464 1176 1522 Herod.

73 1561 107 1634 V,
124 1566 173 1635 25,
198 1561 447 1639 quemadmodum
470 1562 551 1638 apud
567 1561 687 1639 Halyn,
710 1570 831 1638 pontem
854 1561 1060 1622 munitissimis
1081 1564 1179 1639 portis

75 1663 102 1719 in
119 1671 248 1739 utraque
264 1662 331 1738 ripa
349 1661 517 1722 constitutis
534 1663 627 1722 fuisse
649 1663 802 1721 defensum
830 1661 1020 1737 opinantur.⁸
1052 1661 1178 1722 Fluvios

73 1763 243 1839 simpliciter
253 1762 406 1838 Tigridem
424 1781 490 1821 cum
508 1763 645 1822 amnibus
663 1782 730 1822 eum
744 1761 960 1838 exaugentibus
978 1770 1008 1821 et
1022 1761 1178 1821 canalibus

73 1882 133 1922 esse
149 1864 366 1924 existimemus.
402 1862 465 1923 Gir.
483 1861 546 1937 ΠΙ,
564 1868 581 1922 8
597 1877 704 1924 cauum
727 1877 849 1936 mamam
873 1862 924 1921 Ps.
944 1859 1140 1935 CXXXVII,
1160 1867 1177 1920 2

73 1958 124 2025 hu:
146 1979 242 2029 mrum
271 1965 440 2040 Euphrates
463 1983 529 2022 cum
553 1964 620 2024 aliis
645 1963 743 2022 fluviis
760 1961 945 2041 Babylonios
968 1981 1090 2040 campos
1107 1982 1174 2040 per-

74 2064 245 2123 meantibus.
282 2062 358 2124 Sunt
380 2083 450 2142 ergo
474 2065 503 2123 'rt
525 2065 561 2124 'm
594 2072 755 2142 „portae
779 2073 851 2122 tam
873 2072 954 2124 arte
978 2084 1084 2142 quam
1110 2083 1174 2122 na·

73 2174 151 2224 tura
173 2165 491 2238 munitissimae,“
516 2165 658 2225 Tucurus
681 2165 701 2223 l.
720 2166 740 2223 1.
765 2183 794 2240 p.
813 2168 855 2223 67.
891 2165 1048 2224 Eiusmodi
1070 2173 1176 2242 portas

72 2285 125 2325 non
142 2266 274 2326 defuisse
289 2264 387 2338 Nino,
410 2274 638 2325 consentaneum
657 2265 786 2324 maxime
804 2273 864 2336 est3
887 2285 923 2324 ac
939 2285 1044 2325 revera
1060 2286 1107 2328 ex.
1127 2284 1173 2343 gr.

73 2368 126 2425 duo
142 2367 198 2425 illa
213 2367 294 2440 loca,
313 2366 422 2444 quibus
436 2366 558 2426 Khosar
574 2367 667 2424 intrat
682 2365 794 2424 vallum
807 2363 882 2424 Nini
899 2373 929 2424 et
945 2366 1105 2442 egreditur,
1125 2384 1173 2424 sa·

73 2469 107 2527 tis
123 2469 207 2526 fuere
224 2467 338 2526 munita
362 2476 392 2527 et
413 2477 567 2543 portarum
589 2465 738 2543 hodieque
760 2463 921 2524 ostendunt
942 2464 1104 2541 vestigia⁴3
1129 2483 1175 2523 se-

73 2568 236 2628 micirculus
252 2578 351 2627 autem
368 2587 490 2644 campus
507 2567 572 2640 ille,
601 2566 653 2642 qui
671 2585 748 2624 nunc
764 2564 933 2623 interiectus
960 2573 1005 2624 est
1027 2565 1104 2623 inter
1121 2564 1175 2621 Ti-

75 2669 184 2744 gridem
201 2678 231 2727 et
246 2669 358 2727 vallum
375 2667 494 2740 urbis⁵,
521 2667 664 2726 eiusmodi
688 2674 751 2740 est,
777 2673 810 2723 ut
835 2663 966 2722 dubitari
990 2664 1044 2722 vix
1067 2663 1175 2740 possit,

75 2769 144 2845 quin
160 2789 179 2828 a
194 2769 318 2828 flumine
335 2770 419 2845 ipsos
436 2768 508 2825 olim
525 2785 626 2826 muros
643 2767 772 2825 alluente
793 2764 950 2841 paullatim
973 2765 1081 2824 allatus
1107 2764 1146 2822 sit
1154 2763 1174 2822 ⁸.

74 2868 175 2946 Neque
190 2889 263 2928 vero
278 2869 353 2928 illud
370 2868 557 2928 concedimus
564 2867 707 2940 Tuosne,
725 2875 823 2926 vatem
842 2867 878 2924 de
896 2864 1070 2926 occidentali
1087 2873 1178 2941 porta

73 2979 186 3045 praeter
210 2979 322 3030 ceteras
346 2970 493 3046 cogitasse
500 2990 509 3040 ;
536 2977 646 3028 certam
669 2968 747 3026 enim
769 2975 889 3043 portem
919 2967 1069 3043 quandam
1099 2965 1177 3035 vatis

22 3046 28 3060 ⁰
74 3071 169 3130 animo
187 3071 280 3130 fuisse
297 3071 497 3142 obversatam,
515 3069 636 3128 omnino
648 3087 807 3146 negamus3
824 3068 884 3126 imo
899 3067 1007 3127 fluvios
1026 3085 1084 3126 non
1098 3085 1177 3125 com-

73 3172 227 3230 memorari
249 3172 308 3232 nisi
332 3174 370 3230 ob
397 3177 552 3247 portarum
574 3170 743 3229 firmitatem
767 3167 987 3240 contendimus,
1016 3167 1060 3226 uti
1085 3167 1179 3243 probe

74 3272 149 3331 videt
165 3273 348 3332 Lernaeus:
368 3279 497 3348 „portae
513 3270 687 3343 fluviorum,
705 3270 757 3346 qui
774 3267 888 3345 alioqui
906 3268 1010 3326 firmae
1027 3274 1111 3338 sunt,
1139 3267 1178 3326 ad

121 3467 146 3528 l)
165 3467 218 3520 cn.
236 3465 330 3516 Runa
347 3463 489 3514 Erdkunde
505 3462 560 3525 XI,
577 3476 603 3526 p.
616 3463 675 3515 232.

122 3552 148 3613 2)
167 3551 221 3602 cn.
239 3549 310 3600 thn.
329 3550 347 3600 l.
359 3548 439 3611 1.·11,
455 3563 480 3612 p.
493 3549 535 3598 34.

122 3636 147 3697 3)
165 3637 215 3684 er
233 3634 313 3698 digna
329 3641 368 3684 est
385 3646 451 3697 quae
470 3631 594 3682 afferetur
612 3628 741 3680 sententia
758 3631 823 3678 Ara.
834 3626 959 3676 channr
970 3626 1002 3676 de
1013 3626 1077 3676 turri
1088 3623 1179 3676 Babel.

74 3719 113 3782 Π,
129 3723 160 3782 2,
177 3720 211 3769 47
230 3723 256 3767 et
272 3717 388 3767 Hennam
405 3717 422 3766 l.
434 3717 452 3766 l.
472 3733 496 3780 p.
506 3717 571 3777 245,
594 3716 638 3780 qui
655 3711 813 3776 Euphratem
831 3717 857 3760 et
875 3709 1008 3772 Tigridem
1025 3709 1181 3773 intelligunt,

73 3805 174 3870 insuper
198 3819 255 3853 eum
278 3803 414 3852 Homnae
437 3800 590 3850 hallucinari
613 3811 666 3848 non
685 3795 831 3855 embescat,
854 3795 915 3857 quia
940 3809 989 3843 seo.
1007 3793 1032 3841 h.
1051 3792 1069 3841 t
1095 3792 1181 3843 Ninus
1246 3855 1248 3860 ,

74 3888 137 3937 inter
155 3895 290 3948 utrumque
306 3884 411 3935 fluvium
430 3886 481 3934 site
497 3885 588 3946 suerit,
599 3886 767 3932 monumenta
781 3886 853 3928 trans
863 3877 997 3943 Tigridem
1010 3881 1112 3941 reperte
1128 3891 1181 3926 nou

74 3985 146 4032 posse
159 3971 300 4035 Assyriaca
312 3973 380 4020 esset
402 3969 547 4034 Euphrates
559 3973 585 4018 et
598 3967 684 4032 Tigris
696 3979 796 4029 semper
808 3969 867 4014 sunt
882 3969 981 4043 01¹]ng
988 4000 995 4026 ,
1013 3975 1096 4026 neque
1117 3974 1179 4011 vero

76 4051 176 4135 nunqu.

122 4127 223 4216 qen.
242 4153 322 4204 rum.
339 4155 358 4204 1.
370 4155 387 4204 1.
406 4171 431 4219 ρ.
443 4154 485 4204 so.
504 4152 545 4202 ss.
580 4149 682 4202 mnan.
701 4151 781 4200 nrm.
798 4149 853 4210 x1,
870 4164 894 4212 p.
908 4148 967 4198 aar.

122 4240 148 4301 5)
166 4239 221 4290 cir.
240 4252 360 4302 mappam
377 4236 586 4303 topographicam
599 4235 689 4284 Tucnn
701 4234 823 4298 opusculo
836 4231 966 4292 additam3
984 4230 1179 4280 wintemari.

77 4323 91 4369 l.
103 4323 119 4373 l.
136 4325 188 4374 tab.
206 4323 235 4385 I,
253 4323 297 4387 fig.
309 4325 333 4373 3.

126 4407 151 4467 6)
168 4407 221 4458 Cir.
240 4407 342 4456 Rrrrun.
361 4407 377 4455 l.
391 4407 408 4454 1.
427 4405 482 4466 XI,
500 4417 525 4465 p.
539 4405 597 4453 224.
