2966 5090
267 353 319 395 ιιι
619 329 867 386 Pnonucouann.
893 322 966 384 Car.
985 323 1024 380 11.

270 521 344 597 εις
359 513 490 590 excepit,
520 512 641 571 insanas
663 509 776 568 Achaei
805 526 907 584 preces
928 507 1054 566 libenter
1077 502 1252 575 exaudivit,
1286 501 1339 577 qui
1364 520 1380 558 a

270 618 400 686 Rezino,
423 612 566 672 Damasci
590 629 675 688 rege,
700 617 729 668 et
746 610 866 683 Pekah,
888 608 1090 668 Israelitarum
1111 603 1267 680 principe,
1297 602 1381 660 vehe-

271 725 383 777 menter
406 721 532 774 vexatus
549 712 628 788 regis
646 701 766 788 Assyrii
788 710 932 769 auxilium
954 705 1127 783 imploravit
1148 723 1176 762 a.
1193 708 1266 776 140,
1293 711 1383 778 atquc

273 820 347 878 adeo
366 815 477 887 effecit,
495 822 529 871 ut
544 813 595 870 ille
608 811 889 889 Syro-Damasceuo
906 827 998 887 regno
1016 807 1105 884 plane
1117 823 1224 864 everso
1240 821 1385 880 magnam

273 1071 301 1118 in
319 1065 448 1118 elimando
465 1079 496 1114 ea
513 1065 675 1126 difficultate,
693 1063 762 1128 quod
778 1069 944 1113 monumenta
960 1059 1168 1120 Khorsabadica,
1193 1071 1266 1122 quae
1286 1055 1387 1108 Salma-

272 1152 386 1200 nassaris
403 1163 498 1199 nomen
514 1149 664 1212 inscriptum
680 1147 791 1208 babent,
808 1153 863 1196 tam
879 1147 998 1195 universo
1015 1145 1106 1194 habitu
1124 1157 1202 1207 quam
1215 1142 1333 1207 singulis
1350 1155 1387 1189 re

273 1235 320 1284 bus
337 1233 469 1298 permultis
487 1232 552 1281 adeo
570 1231 694 1280 differunt
710 1231 742 1280 ab
761 1230 960 1294 antiquioribus,
984 1228 1110 1280 Nimrude
1132 1228 1248 1278 inventis
1267 1228 1338 1289 illis,
1362 1232 1389 1273 ut

273 1323 319 1368 aut
340 1316 469 1366 modicum
492 1315 614 1379 temporis
636 1315 800 1364 intervallum
823 1317 891 1364 iuter
911 1320 1020 1376 utraque
1044 1311 1175 1360 rideretur
1196 1309 1388 1369 intercessisse,

273 1406 318 1451 aut
336 1400 428 1450 seditio
445 1397 572 1462 quaedam
590 1404 616 1446 et
632 1410 718 1447 rerum
735 1400 850 1448 omnium
866 1399 1010 1469 immutatio
1033 1396 1155 1446 accidisse
1177 1397 1235 1460 (cfr.
1255 1397 1388 1448 arwam.

168 1520 177 1534 .
274 1484 372 1534 Oomm.
391 1500 416 1548 p.
429 1484 462 1534 55
475 1497 508 1533 ss.
526 1483 588 1532 Inr.
606 1481 668 1532 Nin.
686 1496 711 1545 p.
724 1481 774 1531 256
787 1482 831 1543 ss.)
849 1483 928 1547 quid?
945 1483 1015 1547 quod
1031 1481 1111 1544 Bon,
1128 1495 1204 1530 versa
1222 1479 1388 1542 vice,Khor·

275 1567 423 1619 sabadieum
445 1567 571 1632 palatium
594 1568 671 1632 longe
695 1569 818 1617 vetustius
842 1569 947 1632 reliquis
977 1582 1033 1618 esse
1062 1566 1221 1630 argumentis
1249 1563 1390 1631 permultis

276 1652 455 1718 comprobasse
474 1652 523 1701 sibi
540 1651 642 1701 ridetur
659 1651 716 1715 (cfr.
733 1651 781 1701 1.1.
799 1669 823 1716 p.
836 1655 886 1706 301
899 1651 951 1714 ss).
980 1651 1127 1702 Novissime
1145 1650 1226 1698 titulis
1244 1651 1390 1712 diiigenter

275 1738 390 1788 excussis
408 1752 439 1787 eo
457 1751 484 1786 se
501 1739 649 1801 pervenisse
667 1735 742 1786 docet
759 1736 863 1798 Rnwn„
887 1743 916 1785 ut
933 1736 965 1785 ab
983 1749 1044 1797 rege
1061 1734 1108 1783 illo
1125 1741 1239 1783 veterem
1256 1733 1389 1783 familiam

274 1835 355 1886 regno
378 1823 486 1870 eiectam
509 1821 676 1883 intelligeret3
701 1833 783 1882 eoque
805 1819 967 1868 referendum
990 1832 1061 1879 esse,
1088 1818 1158 1881 quod
1184 1819 1307 1868 maiores.
1329 1828 1390 1866 suos

274 1917 413 1966 numquam
437 1904 541 1952 nomine
563 1902 704 1967 appellaret
726 1902 782 1961 (cfr.
799 1903 861 1950 Lnr.
879 1919 905 1966 p.
918 1900 985 1962 294).
1021 1901 1108 1952 Possit
1130 1902 1235 1967 quidem
1256 1903 1288 1950 in
1313 1896 1390 1948 buius

274 1987 418 2034 sententiae
434 1985 550 2032 favorem
567 1985 665 2044 notari,
682 1990 711 2032 ut
727 1984 802 2033 nobis
818 1985 928 2045 videtur,
946 1985 1015 2046 quod
1032 1983 1152 2036 Baucsus
1170 1986 1266 2036 Euseb.
1287 1984 1389 2036 chron.

273 2083 298 2130 p.
308 2068 343 2115 40
353 2066 385 2115 ab
395 2079 463 2115 anno
473 2082 494 2114 c.
507 2067 573 2115 1273
589 2067 664 2116 XLV
675 2081 749 2130 reges
765 2067 932 2128 Assyriorum
949 2074 1092 2130 computat,
1116 2070 1207 2132 quibus
1231 2069 1267 2132 ab,
1290 2083 1318 2118 a.
1339 2065 1389 2115 747

275 2148 309 2198 ad
327 2162 351 2197 a.
371 2148 420 2198 625
441 2151 455 2198 8
474 2163 547 2210 reges
564 2156 590 2198 et
607 2150 677 2212 ipsos
695 2150 818 2211 Assyrios
836 2148 909 2196 addit
926 2148 982 2210 (cfr.
999 2149 1121 2198 Bnnnurs.
1140 2153 1158 2200 l.
1170 2153 1187 2199 l.
1206 2152 1231 2200 d.
1245 2149 1298 2210 17).
1320 2150 1389 2200 Τιιιιι

274 2245 336 2280 vcro
354 2230 443 2281 Ruun.
461 2245 518 2280 cum
535 2231 692 2281 confidentia
711 2239 737 2282 et
754 2229 905 2282 certitudine
924 2245 954 2280 eo
978 2234 1088 2293 insistit,
1112 2238 1141 2280 ut
1159 2232 1389 2283 salmanassarem

273 2328 327 2363 non
351 2315 433 2364 solum
456 2313 567 2364 eundem
588 2315 667 2366 fuisse
690 2332 720 2367 ac
739 2315 882 2378 Sargonem
899 2313 965 2376 (les.
982 2317 1049 2378 XX,
1070 2315 1114 2378 1),
1138 2331 1227 2366 verum
1249 2319 1336 2367 etism
1363 2330 1391 2365 ac

275 2398 382 2461 Tiglath
405 2396 547 2448 Pilosarem
572 2401 757 2452 existimemus.
794 2399 840 2462 ,In
863 2399 907 2448 the
926 2399 1024 2450 former
1046 2400 1076 2456 oi
1089 2400 1162 2451 these
1179 2397 1278 2460 titles‚“
1299 2400 1391 2462 inquit

274 2476 354 2543 (Outl.
372 2497 397 2546 p.
409 2481 517 2532 XXVII
534 2483 639 2549 Tiglath
655 2483 772 2548 (Tilgath
787 2484 815 2532 in
825 2482 988 2544 Chronieles,
1007 2483 1059 2532 and
1071 2476 1191 2549 Tu'ylub
1202 2484 1229 2531 in
1241 2481 1286 2530 the
1296 2482 1389 2542 LXX>

274 2564 297 2613 is
316 2580 333 2614 a
350 2567 500 2630 corruption
517 2566 547 2616 oi
561 2567 662 2618 Tsrlrat
680 2584 711 2618 or
728 2569 841 2630 Targat‚
863 2566 907 2616 the
929 2567 1170 2640 goddeslecroeto
1193 2582 1223 2616 or
1240 2550 1386 2632 Atargatis.

274 2647 318 2699 Pil
334 2650 402 2700 from
429 2638 507 2720 uba,
531 2658 572 2714 „to
590 2653 734 2718 worship,“
754 2651 805 2710 apd
822 2653 888 2700 Eser
904 2653 926 2700 is
944 2653 987 2702 the
1005 2651 1057 2715 god
1069 2652 1164 2711 Assur;
1182 2665 1199 2699 a
1215 2650 1271 2698 title
1282 2648 1386 2699 formed

276 2733 307 2781 oi
321 2731 392 2782 these
409 2737 508 2798 precise
527 2739 654 2800 Assyrien
672 2736 796 2785 elements
813 2736 890 2798 being
908 2735 950 2784 the
968 2734 1092 2785 standard
1110 2733 1206 2800 epithet
1228 2733 1257 2782 oi
1273 2732 1385 2797 Sargina

275 2816 302 2863 in
322 2816 357 2864 all
379 2817 419 2865 bis
443 2819 619 2881 inscriptions;
643 2817 720 2866 while
738 2815 920 2865 Shalmane'ser
942 2819 964 2866 is
987 2818 1112 2882 probably
1134 2818 1175 2867 for
1192 2815 1324 2868 Shalmun'¹
1340 2817 1383 2866 the

275 2898 402 2961 Assyrian
420 2891 495 2962 (Hos.
506 2899 544 2958 X,
558 2899 615 2960 14),
633 2898 730 2949 Sullam
743 2898 819 2958 Anu,
838 2899 897 2959 ,the
914 2898 1027 2950 likeness
1045 2903 1076 2950 oi
1089 2901 1165 2951 Ana“
1185 2899 1216 2962 (i)
1233 2901 1311 2966 being
1327 2901 1380 2950 also

275 2980 319 3028 the
338 2980 432 3029 second
451 2981 482 3028 of
496 2981 628 3042 Sargina’s
646 2977 740 3026 titles.“
764 2980 805 3028 Ac
823 2978 966 3044 Sargonem
983 2984 1086 3046 quidem
1104 3000 1124 3035 s.
1143 2983 1256 3046 Sergius
1272 2985 1382 3034 eundem

273 3074 332 3109 esse
345 3075 374 3108 ac
386 3059 622 3122 Salmanassarem,
641 3053 828 3112 Rhorsabadici
840 3064 930 3127 palatii
942 3067 1116 3127 conditorem,
1133 3070 1186 3118 iam
1204 3067 1304 3132 pridem
1322 3083 1381 3120 con·

276 3142 359 3192 tendit
376 3143 433 3203 ille,
451 3143 496 3193 ofr.
507 3141 603 3192 Athen.
621 3142 703 3191 Lond.
715 3145 795 3206 1851,
814 3145 865 3196 No.
878 3149 958 3210 1243,
975 3166 999 3214 p.
1012 3151 1077 3213 903,
1094 3150 1171 3218 idque
1188 3152 1243 3200 veri
1259 3167 1313 3202 non
1329 3153 1380 3202 dis·

276 3227 360 3278 simile
378 3239 448 3286 esse,
467 3227 519 3274 imo
537 3225 714 3276 difficultatem
731 3228 815 3289 illam,
832 3231 901 3293 quod
917 3247 1043 3298 nusquam
1059 3235 1135 3283 huius
1152 3230 1221 3298 regis
1239 3235 1291 3284 alia
1307 3250 1381 3301 prac-

275 3318 348 3362 terea
371 3310 495 3359 memoria
518 3307 730 3373 deprehenditur,
754 3313 849 3376 optime
872 3316 909 3364 ita
926 3317 1054 3382 expediri,
1079 3317 1174 3366 dudum
1199 3319 1381 3372 intellexerunt

275 3395 415 3453 Vrrrunsn,
434 3391 636 3456 Garamantis,
653 3395 804 3459 Eumenia,
822 3398 952 3460 Morsus,
970 3401 1122 3450 Dareusnnn
1140 3401 1197 3464 all.;
1217 3409 1380 3454 namurcum

276 3475 421 3528 Sanheribo
456 3475 565 3525 eundem
600 3477 680 3528 ruisse
713 3482 860 3544 opinemur,
893 3498 945 3532 non
973 3498 1077 3534 movere
1106 3499 1154 3534 nos
1183 3493 1280 3550 potest,
1311 3488 1379 3551 quod

274 3561 345 3609 idem
362 3559 494 3623 utriusqus
511 3560 565 3609 dux
582 3563 737 3625 nominatur,
756 3566 854 3614 Tartan
873 3565 928 3628 (cir.
945 3566 996 3617 Ies.
1013 3568 1081 3629 XX,
1094 3570 1118 3617 1.
1136 3568 1225 3633 2Reg.
1236 3571 1333 3620 XVIII
1338 3569 1379 3634 ,7)

274 3643 321 3694 cir.
331 3641 404 3692 Knu..
416 3660 440 3708 p.
450 3644 514 3707 461,
534 3646 656 3708 quoniam
672 3647 699 3696 id
717 3663 810 3698 nomen
828 3641 881 3698 non
899 3651 982 3700 minus
999 3651 1150 3713 dignitatem
1168 3651 1296 3704 indicasse
1309 3657 1378 3706 vide-

275 3735 318 3778 tur
334 3742 412 3792 quam
428 3728 550 3780 Rsbsake
574 3734 600 3778 et
616 3729 751 3793 Rabsaris,
774 3731 818 3782 cfr.
836 3730 900 3785 Bon.
919 3735 966 3784 1.1.
983 3751 1008 3800 p.
1022 3737 1064 3786 41.
1083 3736 1140 3786 149.
1160 3737 1208 3788 152
1227 3738 1270 3786 all.
1306 3740 1378 3789 Alte·

274 3826 331 3862 ram
347 3820 435 3863 autem
452 3814 607 3862 sententiam
625 3829 698 3864 suam
714 3814 804 3866 suwn.
822 3830 854 3864 eo
872 3817 920 3867 sibi
938 3818 1039 3867 videtur
1055 3819 1159 3881 fulcire,
1181 3820 1251 3883 quod
1272 3822 1301 3871 in
1317 3823 1377 3873 libb.

205 3929 207 3934 -
273 3895 405 3962 Paralipp.
423 3895 625 3946 Salmanassarls
643 3913 737 3948 nomen
754 3912 807 3948 nou
823 3899 929 3962 legitur;
948 3908 975 3950 et
991 3917 1052 3953 vero
1070 3905 1097 3953 in
1115 3904 1141 3952 ll.
1159 3903 1240 3968 Regg.
1257 3905 1291 3955 de
1308 3914 1377 3957 utro·

274 3996 325 4045 que
342 3982 438 4032 dictum
454 3980 577 4040 legimus,
595 3981 640 4030 cir.
659 3981 820 4046 alteng,
833 3984 875 4032 29.
892 3983 1038 4048 xvm,s;
1056 3985 1116 4034 dein
1125 3984 1299 4038 Sauhcribum
1316 4006 1376 4054 quo·

275 4079 325 4127 que
341 4065 411 4114 idem
428 4062 477 4111 sibi
493 4075 588 4112 nomen
601 4063 706 4128 Tiglath
717 4065 838 4116 Pilesaris
854 4067 1006 4130 imposuisse
1025 4077 1155 4120 asseveret
1171 4070 1241 4122 Outl.
1253 4089 1278 4136 p.
1287 4075 1375 4124 XXX.

274 4147 347 4198 Licet
363 4161 424 4196 vero
442 4160 548 4196 numero
565 4161 654 4211 regum
671 4155 697 4198 et
714 4149 804 4198 ordine
822 4165 836 4200 e
854 4154 1025 4201 monumentis
1042 4161 1162 4218 percepto
1173 4156 1238 4208 haec
1249 4161 1376 4209 sententia
1463 4133 1464 4180 l

273 4230 393 4280 videatur
410 4230 597 4291 commendari,
621 4238 706 4282 tamen
729 4232 811 4282 tribus
834 4234 979 4284 nominibus
1004 4237 1113 4287 eundem
1137 4253 1225 4303 regem
1247 4243 1275 4291 in
1297 4216 1324 4293 ll.
1343 4259 1374 4293 ss.
1462 4271 1463 4290 t

273 4314 414 4377 nuncupari
432 4313 501 4366 haud
513 4317 575 4366 satis
587 4315 708 4364 credibile
721 4316 907 4378 existimamus,
926 4318 1007 4370 donec
1019 4323 1127 4372 certiore
1140 4324 1272 4376 titulorum
1285 4342 1374 4378 cunea-
1462 4307 1463 4364 s
