2966 5090
267 294 311 338 nn
612 267 857 324 Paoureousns.
889 261 962 323 Car.
980 265 1021 325 II.

268 455 582 526 determination,
601 449 698 511 which
716 445 777 506 will
796 455 848 504 not
864 448 951 508 allow
973 450 1021 508 the
1038 451 1180 510 beholder
1193 460 1223 509 to
1238 451 1295 510 l'eel
1312 471 1370 530 any

268 565 419 634 contempt
440 556 475 614 of
495 554 554 614 this
580 562 661 614 stern
684 548 857 608 warriors.“
881 582 917 592 -—
942 548 1010 624 Quo
1034 551 1110 610 adde
1124 551 1273 640 qmiriiicas
1304 553 1370 612 illas

268 660 439 721 animalium
456 655 585 733 species,
604 652 712 731 quibus
729 649 907 725 palatiorum
921 659 1026 726 portae
1039 653 1291 725 custodiebantur,
1309 653 1368 712 leo·

268 781 321 821 uss
344 760 393 820 vel
414 758 492 817 tauri
514 757 644 814 humano
669 750 765 828 capite
789 749 904 824 alisque
928 752 1069 827 aquilinis
1091 753 1225 830 insignes
1236 753 1256 825 ¹,
1280 755 1368 812 robu-

267 859 391 924 stissimi
408 856 547 916 Nimrodi
563 853 670 915 statuis
688 851 834 922 variatas,
860 849 910 927 qui
934 852 1028 911 altera
1049 845 1140 911 manu
1156 853 1369 912 leonem-catu-

267 963 346 1035 lum,
377 959 471 1018 altera
498 973 624 1031 anguem
647 952 729 1011 nullo
751 950 814 1008 fero
837 951 956 1027 negotio
979 953 1166 1030 comprimit²
1189 989 1225 996 -
1241 935 1368 1031 quibus,

268 1076 459 1141 quaecunque
471 1074 571 1114 aarum
585 1055 642 1112 fuit
654 1050 843 1128 significatio,
862 1069 981 1110 monere
994 1064 1074 1113 certo
1092 1055 1238 1128 videntur,
1257 1064 1369 1132 quanta

268 1167 402 1237 potestas
418 1157 450 1213 in
467 1155 560 1214 muris
576 1153 642 1214 is'tis
658 1152 816 1211 habitaret.

317 1259 418 1334 Atque
433 1257 510 1314 hauc
527 1254 645 1332 quidem
660 1259 796 1310 naturam
806 1251 894 1311 rebus
912 1272 931 1310 a
949 1236 980 1313 se
994 1255 1085 1332 gestis
1098 1274 1277 1333 magnopere
1290 1274 1368 1313 conr·

267 1358 485 1434 probaverunt3
515 1353 628 1430 ingenti
652 1360 750 1410 autem
775 1350 878 1408 robori
902 1370 956 1410 suo
980 1373 1045 1412 cum
1068 1374 1183 1415 summa
1207 1355 1317 1415 astutia
1340 1363 1369 1414 et

267 1457 427 1516 calliditate
444 1454 683 1513 moderabantur.
709 1450 778 1508 Hoc
795 1450 874 1509 enim
890 1451 965 1512 illud
982 1462 1037 1527 est,
1054 1475 1114 1533 quo
1131 1458 1305 1532 praesertim
1329 1457 1366 1514 ab

267 1558 334 1617 aliis
351 1557 490 1616 differunt
506 1555 642 1633 gentibus
659 1551 840 1624 maioribus,
859 1571 936 1629 quae
949 1563 1037 1615 antea
1050 1565 1195 1616 vexerant
1205 1558 1367 1629 Israelitas,

267 1659 348 1735 quod
365 1677 426 1716 non
442 1655 605 1733 praedandi
622 1662 738 1713 tantum
755 1671 861 1712 caussa
877 1654 992 1716 vicinos
1009 1659 1082 1716 fines
1101 1659 1253 1718 vexabant
1270 1666 1300 1733 et
1316 1677 1368 1715 ex-

267 1759 342 1818 actis
366 1757 471 1834 spoliis
494 1756 614 1815 domurn
637 1753 786 1826 redibant,
812 1772 910 1812 verum
935 1758 1022 1831 primi
1046 1759 1222 1832 praestituto
1244 1757 1367 1817 oonsilio

266 1867 296 1916 et
311 1858 428 1916 ratione
445 1857 475 1914 id
494 1858 636 1932 agebunt,
662 1863 696 1913 ut
719 1874 835 1912 ornnem
858 1854 995 1932 deinceps
1018 1866 1162 1916 terrarum
1187 1859 1244 1919 sibi
1267 1861 1368 1918 orbem

266 1955 452 2016 subiicerent.
477 1956 512 2012 ln
537 1974 631 2031 eoque
648 1954 691 2014 ita
707 1955 769 2012 fere
786 1955 995 2030 versabantur,
1019 1966 1133 2016 utnon
1159 1960 1190 2018 vi
1214 1959 1324 2020 statim,
1339 1965 1369 2018 et

266 2055 370 2126 armis,
390 2073 465 2131 quas
482 2064 623 2131 possent,
641 2064 743 2132 gentes
761 2053 974 2128 opprimerent,
999 2075 1100 2114 verum
1119 2060 1290 2137 praestigiis
1306 2059 1367 2135 pri-v

265 2174 344 2213 mum
362 2163 392 2213 et
408 2155 493 2216 falsis
507 2155 773 2233 pollicitationibus
789 2152 923 2209 irretire³
939 2165 1129 2229 conarentur3
1149 2159 1215 2216 dein
1233 2161 1369 2218 rixarum

266 2273 355 2315 ansas
372 2254 528 2334 diligenter
546 2273 701 2331 quaerere,
720 2260 752 2308 ut
764 2250 828 2307 iure
841 2270 891 2310 eas
903 2255 1062 2328 percellere
1072 2256 1258 2329 viderentur3
1277 2268 1370 2336 atque

264 2357 339 2416 adeo
356 2356 563 2414 occasionibus
581 2360 666 2410 caute
683 2349 864 2422 observatis,
888 2351 940 2409 ubi
957 2364 1060 2430 gentes
1076 2356 1153 2414 inter
1171 2374 1202 2414 se
1226 2357 1374 2416 dimican-

264 2467 309 2518 tes
326 2457 476 2528 viderent,
500 2452 659 2513 debiliores
676 2469 793 2528 semper
809 2450 950 2513 adiuvare
967 2455 1164 2529 affectabant,
1182 2475 1241 2533 quo
1260 2458 1374 2519 certius

315 2692 340 2754 l)
358 2693 412 2743 Ofr.
430 2693 493 2743 Lar.
512 2693 607 2744 Ninive
625 2707 650 2740 u.
669 2705 689 2741 s.
707 2691 814 2741 Ueberr.
832 2706 856 2754 p.
872 2692 931 2740 422.
968 2691 1031 2742 Bou.
1049 2693 1065 2742 l.
1079 2693 1094 2740 Ι.
1112 2708 1137 2755 p.
1151 2693 1198 2741 130
1214 2707 1247 2741 ss.
1283 2692 1371 2742 Gossn

263 2778 374 2841 Assyria
390 2793 414 2840 p.
428 2777 581 2826 los-114.
617 2776 751 2825 Animalia
773 2775 831 2832 illa,
854 2781 920 2834 quiae
944 2777 1092 2837 saepissime
1115 2776 1217 2837 quidam
1239 2777 1268 2824 in
1289 2778 1370 2840 portis
1471 2799 1472 2840 ;

262 2860 415 2923 palatiorum
444 2860 597 2916 constituta,
620 2871 708 2904 verum
726 2852 791 2902 alias
809 2867 909 2914 quoque
927 2859 1101 2920 reperiuntur,
1127 2860 1261 2910 cum'aliis
1278 2860 1368 2909 belluis
1471 2853 1472 2882 ³

263 2959 284 2993 s.
306 2957 364 2993 cum
385 2940 532 2989 hominibus
555 2938 704 2985 dimicantis
720 2935 775 2995 (cfr.
794 2935 879 2986 Gossn
897 2937 914 2985 l.
929 2938 965 2999 1.),
989 2942 1203 2999 quemadmodum
1227 2944 1294 3009 apud
1317 2945 1369 2993 He·

262 3027 354 3074 bracos
372 3020 511 3071 cherubini
540 3030 652 3067 summas
674 3018 770 3080 ingenii
791 3025 817 3067 et
839 3023 952 3085 corporis
976 3024 1043 3073 vires
1061 3027 1209 3076 coniunctas
1226 3027 1371 3090 significare

261 3106 388 3158 videntur.
424 3101 544 3151 Ceterum
568 3105 664 3160 quanto
688 3101 770 3149 maior
792 3103 935 3155 intercedat
957 3107 1097 3159 similitudo
1119 3111 1187 3160 inter
1209 3112 1372 3164 cherubinos

263 3198 289 3242 at
299 3186 466 3252 Assyriorum
477 3183 574 3248 species
586 3181 653 3246 illas,
663 3195 740 3245 quam
751 3201 808 3237 cum
821 3190 1006 3254 Aegyptiorum
1019 3192 1168 3257 sphingibus
1180 3196 1235 3258 (eir.
1242 3197 1370 3247 Huncsrn.

263 3277 329 3340 Aeg.
348 3287 373 3322 u.
392 3270 417 3318 d.
434 3268 535 3318 Bdcher
552 3266 634 3317 Mosis
653 3284 677 3332 p.
693 3269 862 3335 160-164),
879 3274 940 3324 inde
958 3278 1045 3325 statim
1063 3286 1183 3342 apparet,
1201 3281 1271 3341 quod
1281 3282 1371 3346 Aegy-

262 3361 332 3426 ptiae
349 3355 450 3406 belluas
467 3364 605 3412 numquam
623 3352 677 3402 iere
694 3354 742 3402 alis
760 3364 867 3407 ornatae
885 3368 956 3422 sunt;
979 3374 1039 3410 rara
1060 3363 1178 3426 exempla
1198 3366 1371 3416 nonnullaab

264 3442 379 3506 Assyriis
396 3436 506 3501 repetita
523 3435 649 3498 ridentur,
666 3437 711 3487 cir.
729 3438 792 3491 Lar.
809 3441 872 3491 ibid.
890 3443 1030 3493 Praeterea
1041 3445 1119 3494 etiam
1130 3449 1231 3511 palmae
1249 3456 1275 3501 et
1292 3450 1371 3500 flores

262 3531 341 3585 istae,
358 3522 487 3581 bovesque
506 3527 533 3570 et
549 3522 651 3585 leones,
669 3536 777 3584 quorum
793 3525 946 3590 imaginibus
960 3526 1066 3578 Salomo
1083 3531 1173 3596 templi
1189 3548 1276 3583 muros
1295 3549 1370 3584 exor-

263 3609 335 3660 navit
355 3605 411 3668 (cfr.
430 3605 520 3670 lReg.
535 3606 584 3667 VI,
600 3607 633 3656 32
648 3621 682 3656 ss.
701 3607 768 3669 VII,
786 3609 819 3660 29
831 3611 888 3674 ss),
916 3611 980 3660 mire
1003 3613 1139 3663 concinunt
1162 3629 1219 3664 cum
1242 3593 1371 3667 eiusmodi

263 3698 388 3757 apparatu
410 3689 479 3740 haud
500 3705 560 3741 raro
584 3691 652 3755 apud
669 3693 792 3755 Assyrios
810 3701 926 3759 reperto,
944 3695 988 3744 cfr.
1006 3696 1067 3745 Iar.
1084 3697 1127 3761 fig.
1138 3699 1248 3760 31,a.b.
1276 3700 1370 3762 Neque

262 3792 324 3826 vero
341 3776 451 3841 probari
462 3776 515 3825 ulio
533 3774 611 3824 modo
628 3782 727 3839 potest,
750 3778 844 3828 alteras
867 3775 963 3843 species
987 3779 1019 3828 ab
1044 3781 1131 3830 alteris
1154 3797 1210 3831 esse
1232 3782 1369 3834 delibutas.

263 3859 363 3920 Quare,
392 3859 441 3906 nisi
458 3857 525 3906 torte
542 3855 640 3907 Boron.
659 3867 758 3909 secutus
776 3860 894 3910 Paradisi
912 3862 1062 3911 memoriam
1079 3865 1106 3912 iu
1123 3867 1236 3914 omnium
1253 3868 1369 3930 gentium

263 3943 388 3994 eiusmodi
411 3940 562 3989 animalibus
584 3943 690 4006 reperiri
712 3945 910 4007 existimaveris,
934 3946 1172 3997 tutiuanonnnro
1190 3952 1369 4011 assentiemur,

264 4031 307 4091 qui
323 4023 468 4078 consimiles
485 4025 654 4086 cogitationes
671 4033 748 4089 atque
765 4029 884 4077 notiones
907 4029 1060 4090 symbolicas
1083 4032 1161 4082 simili
1183 4036 1283 4084 ratione
1306 4051 1367 4085 con-

262 4113 386 4162 formatas
404 4121 461 4156 esse
479 4106 566 4169 docet,
584 4108 666 4160 (luna.
685 4117 711 4159 et
727 4111 887 4161 Ruunusscn.
905 4111 1029 4162 Zeitsehr.
1047 4116 1127 4176 1853,
1146 4115 1172 4178 1,
1189 4134 1215 4180 p.
1230 4119 1323 4168 laiss.

313 4191 407 4254 1)(111.
424 4191 487 4240 Bon.
505 4192 552 4249 1.,1.
570 4209 595 4257 p.
610 4194 667 4243 134.

313 4275 338 4335 3)
355 4274 407 4323 Cir.
425 4273 493 4325 Nah.
510 4273 564 4335 111.
582 4278 606 4325 4.
