2918 5098
462 379 464 384 .
490 323 563 384 on.
578 325 638 398 111,
658 345 685 385 v.
703 332 742 384 n.
815 304 827 329 ⁸
1103 311 1171 398 113

9 500 10 522 ³
66 525 119 583 pro
141 507 214 583 ipsis
238 507 336 583 portis
362 507 500 567 videntur
523 509 594 568 dicti
617 529 691 570 esse.
723 545 760 554 -
791 512 946 573 Resonant
975 514 1048 574 baec
1071 515 1172 589 verba,

66 608 224 684 paullulum
250 607 369 685 quidem
392 608 564 683 immutata,
590 611 670 687 apud
694 612 864 687 Ieremiam,
887 615 1016 689 L1,eo:
1044 615 1172 688 „heroes

65 709 181 768 Bubelis
198 727 334 785 pugnare
351 723 487 785 cessant,
510 711 588 770 liunt
610 713 748 773 mulieres
765 710 875 789 <arnob
906 715 989 793 rru);
1012 716 1171 776 incendun-

66 819 110 868 tur
126 809 324 872 habitationes
339 811 412 884 eius,
431 812 659 889 confringuntur
678 825 776 875 vectes
794 814 889 873 eius.“

479 1127 513 1205 C.
550 1157 585 1204 v.
608 1136 781 1206 14-19.-

7 1315 8 1320 ’
108 1316 256 1376 Extrema
273 1315 402 1375 vaticinii
419 1316 566 1392 particula
583 1318 948 1397 certam-destinatamque
969 1321 1171 1396 potentissimi

7 1431 9 1478 l
62 1419 142 1494 regni
167 1418 284 1479 ruinam
307 1417 450 1494 proponit
472 1420 658 1480 cumulatius.
683 1420 818 1478 Primum
842 1420 920 1479 enim
943 1421 975 1498 a)
999 1441 1054 1480 nec
1076 1423 1170 1482 muni·

62 1527 159 1579 menta
175 1517 264 1592 Nini,
284 1537 338 1576 nec
355 1537 509 1578 nnmerum
527 1521 679 1596 copiarum
697 1523 752 1579 nec
769 1539 841 1596 opes
859 1521 1020 1598 quicquam
1044 1523 1081 1582 iis
1098 1541 1170 1599 pro·
1243 1515 1250 1520 ’

60 1621 176 1693 futura,
200 1620 383 1679 locustarum
399 1620 528 1697 imagine
545 1629 688 1697 quattuor
704 1640 743 1680 ex
760 1621 896 1697 partibus
914 1621 1065 1697 explicata
1081 1625 1170 1684 doce-

61 1730 123 1794 tur,
141 1741 171 1780 v.
187 1724 319 1793 14-173
337 1723 640 1798 comparantnrenim
658 1721 719 1780 illis
737 1741 772 1780 eo
789 1721 923 1796 nominc,
942 1722 1023 1800 quod
1040 1724 1168 1800 primum

60 1821 217 1880 multitudo
240 1841 342 1880 earum
366 1822 588 1882 innumerabilis
614 1833 676 1897 est,
703 1823 809 1882 deinde
833 1823 913 1900 quod
936 1832 965 1881 et
987 1824 1169 1885 ineluctabili

60 1943 125 1981 cnm
150 1922 293 1982 violentia
322 1931 352 1982 et
373 1942 490 1982 summa
517 1923 606 1983 simul
635 1923 779 1984 facilitate
810 1924 1029 2001 depopulantur
1059 1925 1169 1986 circum

60 2024 176 2096 omnia,
202 2043 262 2100 quo
280 2023 491 2097 consederuntr
520 2025 647 2102 denique
671 2026 771 2103 qnod,
802 2025 853 2086 ubi
878 2044 964 2086 suurn
986 2027 1170 2103 reliquerunt

58 2125 173 2198 locum,
197 2125 272 2183 adeo
291 2133 485 2198 evanescunt,
511 2134 545 2184 ut
569 2127 682 2188 nullum
700 2147 801 2186 earnm
819 2127 976 2204 vestigium
993 2129 1169 2204 reperiatur.

59 2225 228 2303 Singularis
244 2227 350 2285 haecoe
368 2235 458 2302 atque
474 2226 630 2305 ingeniose
647 2228 778 2286 maxime
795 2227 958 2288 similitudo
974 2247 1028 2288 suc
1042 2229 1102 2288 iam
1120 2248 1169 2288 or-

59 2327 126 2386 dine
144 2327 261 2386 videtur
278 2327 454 2388 enarranda.
482 2327 631 2388 Hostibus
648 2327 764 2386 nemine
781 2328 938 2388 resistente
955 2329 1106 2406 adipsum
1120 2349 1169 2390 ur·

58 2430 125 2487 bem
143 2429 311 2505 progressis
328 2427 372 2505 (v.
387 2431 444 2506 13),
462 2428 650 2505 amplificatis
668 2428 757 2488 etiam
774 2428 936 2488 firmissimi
953 2429 1012 2488 loci
1029 2429 1169 2490 munitio-

3 2591 4 2604 *
58 2530 145 2589 uibus
163 2529 490 2606 aequamentum,
515 2530 587 2608 quin
608 2529 709 2608 gladio
733 2538 765 2590 et
787 2530 856 2606 igne
879 2529 1015 2606 capiatur
1032 2537 1062 2588 et
1079 2530 1168 2589 devs-

58 2640 153 2692 stetur
169 2651 198 2690 v.
213 2635 293 2704 lta,
318 2631 404 2691 sicuti
429 2630 609 2690 inevitabilis
632 2639 679 2690 est
693 2630 876 2690 locustarum
899 2630 1108 2707 depopulatio;
1133 2649 1170 2690 ac

3 2739 4 2750 ¹
57 2733 126 2791 licet
139 2731 482 2809 numerusAssyriorum
494 2731 625 2809 ingentia
637 2731 756 2790 illarum
765 2731 884 2809 agmina
891 2731 1027 2792 videatur
1038 2749 1168 2810 aequare

58 2854 85 2892 v.
101 2832 180 2905 tob,
206 2841 236 2892 et
253 2841 448 2906 mercatores,
473 2832 525 2910 qui
550 2833 685 2910 ingentes
708 2832 838 2910 undique
861 2849 933 2909 opes
958 2840 1120 2909 congerunt
1135 2831 1167 2891 in

58 2935 210 3008 medium,
221 2933 373 2994 stellarum
391 2933 481 2993 etiam
498 2934 644 2998 excedant
656 2932 873 2992 multitudinem
891 2953 919 2991 v.
932 2937 963 2991 16
975 2951 1010 3007 a,
1029 2967 1067 2977 —
1083 2952 1166 2992 reco-

58 3036 121 3094 lent
152 3044 251 3094 temen
281 3035 376 3094 securi
403 3035 464 3109 illi,
495 3035 646 3108 locustas,
675 3053 797 3112 quoquc
821 3035 1052 3108 descenderunt,
1077 3035 1168 3110 plane

59 3136 160 3196 omnia
173 3135 293 3212 depasci
305 3144 344 3209 et,
364 3135 538 3214 quotidiano
555 3137 613 3195 boc
630 3135 750 3214 negotio
768 3143 906 3212 peracto,
924 3134 1030 3196 leviter
1047 3135 1169 3196 avolare

56 3259 84 3297 v.
98 3243 132 3296 16
145 3239 176 3296 b.
192 3237 288 3296 ¹Licet
304 3255 375 3314 ergo
393 3237 483 3298 duces
500 3238 590 3296 etiam
611 3245 643 3296 et
658 3255 798 3313 proceres
820 3257 922 3296 eorum
946 3237 1093 3296 innumeri
1113 3236 1167 3294 im·

57 3357 192 3398 mensam
215 3338 344 3413 prodant
368 3337 452 3414 regni
476 3337 640 3414 potentiam
669 3355 725 3398 nec
753 3346 815 3398 tem
845 3339 933 3398 facile
962 3336 1169 3398 existimentur

56 3438 209 3499 evertendi
226 3473 263 3482 -
280 3439 445 3498 belluarum
462 3439 582 3517 agmina
599 3437 658 3498 ista
675 3437 726 3498 ubi
745 3439 793 3496 vel
810 3437 911 3500 defixa
929 3438 960 3497 iu
979 3437 1081 3514 aliquo
1098 3437 1169 3496 bac·

56 3561 121 3601 rere
139 3539 207 3598 loco
225 3540 396 3613 videantur,
415 3540 517 3600 subito
535 3548 634 3598 tamen
651 3557 827 3599 evanescere
844 3539 942 3598 solent
958 3559 986 3598 v.
1003 3543 1044 3598 17.
1094 3547 1096 3553 ‘

107 3644 144 3720 b)
161 3661 191 3700 v.
208 3645 249 3700 ts.
269 3646 310 3701 19.
329 3639 381 3707 Sic
398 3641 513 3708 eveniet
529 3649 563 3700 ut
580 3639 686 3700 summi
703 3647 735 3698 et
748 3638 842 3698 infimi
858 3639 943 3716 regni
961 3639 1041 3701 cives
1057 3637 1171 3716 ingenti
1267 3653 1281 3670 ·

56 3761 164 3803 omnes
181 3741 320 3802 trucidati
342 3750 443 3819 strage
459 3742 573 3820 passim
595 3741 713 3806 iaceant
729 3761 757 3800 v.
773 3743 823 3814 18,
847 3749 877 3798 et
898 3739 1031 3800 letiferae
1052 3740 1170 3817 plagae,

55 3864 134 3922 quae
157 3860 257 3920 regem
281 3843 421 3904 simulet
446 3853 563 3920 gentem
586 3843 747 3920 percussit,
771 3851 886 3902 tantum
909 3842 997 3902 abest
1012 3849 1046 3899 ut
1061 3841 1172 3900 mederi

55 3949 218 4023 qnisquam
241 3944 341 4004 valeat
363 3945 489 4019 velitve,
516 3954 550 4004 ut
577 3945 749 4004 universum
771 3943 874 4020 potius
893 3943 1056 4002 humanum
1078 3957 1172 4018 genus
1287 3970 1289 3976 π

54 4046 200 4106 malitiosi
218 4046 408 4124 oppressoris
432 4056 462 4105 et
484 4045 637 4107 vexatoris
660 4045 786 4104 uenefici
814 4044 1013 4106 internecione
1043 4041 1173 4119 gaudeat

55 4158 147 4226 atque
164 4146 306 4220 lactetur,
324 4167 352 4206 v.
369 4152 410 4205 19.
