2918 5098
320 285 366 353 62
728 285 801 346 Gne.
815 286 862 360 ΙΙ,
882 306 910 345 u.
926 291 1002 346 1-5.

320 482 425 545 untur,
449 471 541 548 qnid?
572 471 653 549 quod
670 473 813 532 suburbia
838 471 899 531 iarn
917 479 1065 548 ceperunt.
1098 483 1193 536 ntt'tn
1212 471 1288 546 vici,
1310 474 1415 550 plateae

320 581 403 646 sunt,
422 591 518 648 neque
534 591 606 630 vero
623 573 721 649 campi
737 571 855 648 (Hrrz,
871 572 1006 649 Manu),
1027 577 1105 648 quae
1120 579 1256 647 potestas
1274 573 1357 632 unice
1372 595 1414 633 va-

319 675 361 732 let
377 674 468 732 Prov.
481 673 571 745 VIII,
589 677 640 745 263
662 673 837 732 coniunctae
852 673 932 731 hand
957 691 1026 731 raro
1048 672 1187 748 leguntur
1204 690 1270 730 cum
1299 689 1414 745 oratur,

319 775 445 851 plateis,
465 782 498 832 ut
514 781 618 832 nostro
635 773 703 832 loco
718 773 762 832 ita
778 772 830 832 Ps.
845 771 982 844 CXLIV,
1003 776 1106 844 13.14;
1129 773 1198 830 Am.
1212 771 1238 845 I,
1260 777 1312 844 163
1335 772 1414 831 Pror.

319 876 344 948 I,
363 879 411 946 203
434 873 485 950 qui
502 873 579 932 banc
596 891 716 951 quoque
733 893 835 933 uocem
857 874 955 932 locum
973 873 1127 949 aequalem
1145 880 1174 930 et
1191 873 1355 949 spatiosum
1371 891 1415 929 no-

320 984 385 1035 tare
409 972 588 1033 contendunt
606 971 779 1050 (Gemma,
794 973 916 1051 Hira),
942 973 1023 1031 omni
1044 980 1218 1050 argumento
1244 973 1321 1032 satis
1342 973 1414 1030 firmo

319 1075 533 1144 destituuntur3
558 1074 734 1151 propensius
758 1075 796 1134 ad
818 1073 972 1132 veritatem
988 1071 1135 1131 Horren.
1160 1072 1217 1145 „in
1240 1073 1299 1132 viis
1316 1073 1414 1131 exnin-

319 1194 404 1236 secus
416 1175 553 1251 circaque
564 1175 603 1233 ad
616 1176 718 1233 urbem
731 1174 904 1234 ducentibus
913 1179 944 1247 “,
962 1181 1079 1232 secutus
1095 1173 1184 1231 LXX
1201 1165 1236 1232 ἐν
1256 1169 1333 1243 ταῖς
1353 1161 1413 1243 ἐξό-

320 1273 393 1348 δοις
422 1274 516 1352 (cod.
536 1275 633 1334 Vatic.
652 1263 774 1354 ὁδοῖς).
813 1273 955 1334 Suburbii
979 1273 1057 1332 enirn
1081 1273 1198 1350 plateas
1219 1272 1412 1349 intelligendas

320 1379 399 1438 infra
419 1375 594 1435 videbimus.
632 1391 714 1440 :nun
737 1368 858 1448 rbbrrm,
882 1375 935 1434 cfr.
954 1373 1058 1442 [erem.
1071 1372 1183 1447 XLVI,
1202 1378 1217 1432 9
1223 1393 1232 1445 3
1257 1373 1335 1431 Poel
1352 1371 1411 1447 (cfr.

319 1479 372 1538 Pu.
387 1477 453 1550 011,
472 1481 503 1548 93
525 1475 599 1536 coh.
612 1475 654 1549 II,
671 1476 702 1553 Ι)
720 1482 750 1533 et
766 1474 921 1552 Hithpolel
937 1493 972 1533 so
990 1475 1130 1534 recedunt
1146 1494 1166 1532 a
1181 1473 1307 1551 reliquis
1323 1471 1413 1531 fonnis

319 1579 403 1639 verbi
424 1572 499 1653 bbrt,
524 1577 604 1654 quod
629 1597 648 1635 a
669 1576 843 1654 splendendi
865 1584 895 1634 et
914 1574 1103 1652 superbiendi
1124 1574 1246 1633 notione
1265 1575 1372 1633 abeunt
1388 1572 1412 1628 in

319 1681 438 1740 affinem
454 1679 538 1736 illam
561 1677 705 1736 stultitiae
725 1686 816 1754 atque
832 1676 975 1736 insaniae.
1012 1675 1146 1736 Insanire
1168 1684 1267 1733 autem
1290 1673 1412 1732 dicuntur

320 1799 440 1852 currus,
459 1777 601 1856 singulari
615 1778 769 1836 collectivo
787 1776 1005 1854 comprehensi,
1025 1777 1063 1834 ob
1076 1777 1224 1852 ingentem
1236 1774 1409 1842 celeritatem,

320 1901 380 1958 qua
396 1882 454 1936 hue
470 1878 540 1936 illuc
557 1878 696 1949 avolant3
716 1896 835 1953 „supra
852 1878 1011 1936 humanum
1029 1877 1091 1934 fere
1108 1895 1238 1948 morem,
1262 1874 1320 1933 erit
1336 1891 1410 1951 qnae

319 1981 389 2038 dam
410 1977 530 2036 insania
546 1976 688 2035 divinitus
710 1977 871 2037 Immissu“
895 1976 1061 2037 clarnos.
1100 1974 1271 2052 Simplicem
1288 1976 1363 2033 banc
1377 1980 1410 2030 at·

319 2099 377 2157 que
394 2079 531 2144 idoneam
548 2075 712 2135 Insaniendi
732 2076 992 2152 significationem,
1010 2077 1214 2153 exemplorum
1226 2076 1348 2152 insuper
1362 2073 1411 2132 eri·

318 2179 419 2238 dentis
436 2176 552 2235 abunde
569 2174 792 2253 comprobatam
809 2176 878 2253 (cfr.
895 2177 998 2236 Ierem.
1012 2177 1114 2250 XXV,
1135 2181 1182 2249 16,
1200 2175 1319 2249 XLVI,
1337 2180 1360 2247 9,
1383 2173 1410 2243 L,

318 2283 367 2352 38,
387 2279 442 2351 LI,
461 2279 509 2358 7),
532 2275 715 2355 reliquerunt
730 2276 820 2335 LXX
842 2265 1124 2358 συγχυθὴσονται,
1150 2276 1288 2335 Hmnou.
1309 2283 1412 2334 contur-

318 2381 382 2439 bati
400 2387 483 2452 sunt,
510 2379 548 2436 ob
571 2377 750 2438 venientium
766 2378 989 2437 multitudinem
1005 2385 1038 2436 ut
1054 2385 1202 2455 nequeant
1218 2376 1356 2448 discerni,
1378 2383 1410 2432 te
1441 2383 1442 2458 {

319 2481 428 2541 merius
445 2479 535 2539 etiam
549 2477 717 2553 Sounoua,
731 2477 932 2555 Sonunrnus,
951 2476 1079 2538 Scauro.
1093 2477 1152 2535 lex.
1166 2476 1325 2536 secundum
1340 2475 1410 2534 arab.

319 2569 508 2654 lberoni,
532 2580 687 2656 dissipari,
709 2599 804 2639 ruere.
835 2579 957 2640 Insania
979 2586 1077 2638 antem
1095 2577 1228 2638 ornatius
1245 2578 1367 2637 refertur
1381 2574 1411 2633 ad

317 2702 455 2742 curruum
480 2690 591 2740 motum
612 2680 727 2757 ipsum,
750 2700 839 2757 quam
863 2679 902 2739 ad
925 2687 1040 2740 actores
1058 2677 1206 2757 (Duos).
1225 2713 1264 2723 -
1288 2677 1412 2754 Amplius

318 2784 396 2842 idern
414 2782 548 2859 pingitur
574 2801 622 2840 vv.
640 2797 774 2847 ornum:
791 2795 966 2858 tremuntur,
994 2779 1137 2840 cursitant
1158 2779 1189 2836 in
1207 2779 1323 2855 plateis.
1355 2791 1412 2854 pou

320 2883 383 2942 Ioel
394 2882 465 2952 11,o
483 2881 565 2940 audit
582 2881 741 2952 cursitare,
759 2899 812 2938 nec
825 2880 957 2957 reliquus
969 2881 1051 2940 verbi
1069 2898 1140 2939 usus
1157 2879 1247 2938 aliam
1264 2880 1358 2938 innuit
1368 2895 1411 2954 po-

319 2989 470 3050 testatem
489 2999 550 3038 non
563 2987 609 3038 est
620 2979 724 3054 igitur,
745 2980 826 3055 quod
841 2998 1000 3056 sequamur
1011 2980 1101 3039 LXX
1119 2968 1411 3062 συμπλακὴσοπαι,

318 3080 455 3138 Hrnuon.
482 3078 577 3136 collisi
600 3085 686 3150 sunt,
710 3077 839 3151 (lassu,
865 3079 931 3138 Ew.
954 3099 1064 3139 rennen
1089 3081 1152 3139 sich
1176 3100 1250 3153 nm,
1268 3076 1412 3139 ueletiam

319 3177 709 3254 Onnv1nuur'„pereutient
726 3197 834 3236 coxam
846 3179 885 3237 ad
898 3197 1005 3241 coxam
1018 3201 1090 3258 prae
1101 3180 1192 3240 nlmia
1204 3181 1411 3241 festinatione.“
1440 3223 1441 3232 ,

370 3280 405 3338 In
430 3279 524 3337 altero
547 3279 679 3338 membro
703 3279 847 3338 fluctuant
868 3279 1057 3358 interpretes,
1090 3300 1219 3359 quonam
1242 3281 1411 3341 referendum

320 3382 360 3442 sit
384 3380 451 3440 suff.
469 3381 537 3438 fem.
556 3393 679 3457 turnum
711 3380 793 3438 nullo
811 3380 930 3458 negotio
950 3382 1046 3442 nodus
1069 3368 1225 3458 expeditur
1248 3402 1267 3440 a
1292 3381 1412 3450 Gnnvro,

320 3483 373 3560 qni
389 3481 545 3540 confestim
563 3479 666 3539 scribit
682 3494 818 3555 murtrum
840 3480 909 3554 alii,
928 3481 980 3559 qui
998 3500 1063 3540 enm
1080 3481 1195 3540 ratione
1213 3482 1314 3558 potius
1332 3493 1359 3542 et
1374 3483 1413 3539 de·

320 3583 494 3642 liberatione
517 3589 625 3659 agrmt,
651 3581 680 3659 1)
702 3579 741 3639 ad
761 3599 863 3640 currus
886 3582 1033 3656 referunt,
1058 3581 1174 3642 (lassu.
1193 3583 1284 3654 thes.;
1319 3592 1350 3643 at
1363 3597 1412 3640 aar

320 3684 429 3760 ubique
446 3701 536 3742 masc.
550 3681 666 3758 generis
684 3689 747 3753 est,
765 3681 834 3739 fem.
852 3699 918 3740 cum
937 3682 1030 3741 totius
1046 3700 1149 3742 versus
1166 3677 1283 3741 ratione
1299 3687 1411 3760 pugnat;

319 3787 350 3863 2)
369 3786 472 3843 Manu.
491 3781 617 3840 neutrali
642 3799 731 3840 sensu
747 3799 803 3857 pro
826 3781 868 3844 iis
886 3782 974 3842 rebus
996 3783 1119 3858 accipit,
1144 3799 1222 3860 quae
1243 3782 1275 3840 in
1294 3783 1412 3842 curribus

319 3886 450 3962 fulgent,
477 3891 567 3956 atque
589 3882 663 3940 adeo
688 3901 800 3940 merum
826 3881 955 3940 admittit
977 3882 1181 3958 repetitionem
1199 3903 1246 3941 vv.
1270 3883 1300 3940 'rt
1315 3884 1411 3942 'nunu

321 4006 349 4043 v.
367 3991 400 4055 43
426 3984 457 4058 3)
475 3981 568 4039 satius
587 3989 645 4053 est,
670 4000 736 4040 cum
758 3981 978 4040 Honnunnuno
995 3984 1166 4059 proximum
1189 3983 1262 4042 illud
1282 3983 1413 4060 respicere

322 4097 450 4147 aarum:
468 4080 584 4155 plateae
602 4082 750 4140 continuis
767 4081 854 4159 quasi
870 4082 987 4142 facibus
1002 4083 1115 4160 fulgere
1132 4083 1277 4143 videntur.
1303 4084 1412 4142 Absona

321 4191 366 4239 est
383 4181 558 4238 Mronanurs
575 4182 720 4242 sententia
743 4181 780 4240 de
802 4182 896 4242 oculis
918 4183 1043 4242 militurn
1068 4183 1239 4242 ardentibus
1257 4179 1411 4260 cogitantis,

320 4299 415 4356 aeque
437 4299 472 4340 ao
490 4280 629 4340 Verrem
647 4283 682 4341 de
699 4283 827 4359 pudore,
853 4301 912 4359 quo
932 4285 1090 4344 rubescunt
1106 4283 1301 4362 Assyriorum
1318 4282 1410 4344 vultus.
