2966 5090
394 305 421 382 b.
438 312 465 365 4.
489 305 544 366 «ΠΕ
561 322 750 368 counrrrous
767 307 965 370 Iunsnonuu.
1156 325 1238 370 xum

124 489 198 561 tuiti
221 489 254 546 in
278 497 405 567 utroque
428 490 531 566 tempii
555 490 634 570 strio
658 490 846 567 (pontificum
868 501 899 552 et
915 493 1034 572 popuii)
1056 492 1157 554 eiectis
1173 492 1237 552 Do-

124 589 199 648 mini
220 587 384 662 alteribus,
413 590 516 664 Bauli,
546 591 679 664 Asturii,
708 601 738 651 et
759 592 899 653 universo
920 596 1070 654 melorum
1094 593 1237 654 exercitui

124 690 230 759 foedus
253 690 351 749 erexit
372 709 458 762 πως
482 699 525 764 et,
550 691 631 768 quod
654 711 741 751 nemo
763 701 852 772 unies
873 695 973 755 inerat
990 714 1097 767 susus,
1120 693 1151 752 iu
1168 695 1237 770 ipss

120 790 200 864 sede
215 785 340 865 Domini
357 799 466 850 tetrum
480 791 614 852 Astsrtis
630 789 821 854 simulserum
838 797 1001 857 coustituit.
1022 796 1135 868 Porro,
1154 794 1237 872 quod

125 1034 240 1094 lucrum,
257 1045 306 1083 uec
321 1047 374 1084 non
392 1034 462 1099 spud
479 1035 573 1085 Perses
589 1036 720 1086 invenitur
736 1037 793 1102 (cin
811 1039 873 1088 Lus.
890 1039 936 1090 li.
952 1037 1048 1102 pilii.
1068 1038 1142 1088 Vsus
1153 1035 1233 1088 Nine-

124 1117 179 1166 veh
202 1116 255 1166 sud
276 1112 424 1183 Persepolis
442 1133 466 1182 p.
484 1117 554 1181 398)
590 1119 703 1172 Gravior
725 1128 811 1172 eutem
824 1123 917 1173 'nitere
940 1129 980 1173 est
1002 1123 1095 1172 summi
1121 1122 1234 1172 numinis
1268 1173 1271 1180 ,

124 1202 231 1264 imago,
249 1215 315 1264 quse
331 1201 444 1254 ostendit
461 1204 559 1265 virum,
575 1205 651 1254 sicuti
668 1221 758 1256 omnes
774 1207 824 1270 dii,
841 1208 988 1271 permnguis
1010 1207 1059 1258 siis
1081 1205 1234 1271 proemium,

86 1274 89 1279 ’
124 1285 173 1348 qui
192 1285 274 1334 nitere
290 1299 367 1334 msuu
384 1287 495 1338 fructum
513 1288 613 1351 pslmse
630 1293 714 1352 tenet,
732 1291 815 1342 sitem
831 1307 877 1344 vus
895 1309 916 1344 s.
934 1294 1076 1358 psuistrum
1087 1288 1130 1350 (de
1141 1289 1233 1354 quibus

123 1366 168 1416 bic
184 1381 236 1417 nou
253 1375 293 1418 est
310 1370 457 1434 disputandi
475 1371 570 1434 ioeus);
596 1373 703 1436 insignis
721 1380 807 1424 eutem
825 1385 865 1427 est
880 1378 991 1442 cspiie
1008 1374 1158 1438 squiliuo
1176 1373 1232 1436 (cir.

120 1451 185 1501 hur.
203 1451 246 1515 fig.
260 1456 283 1502 1.
301 1453 399 1505 Bonum
417 1445 575 1521 prosali.)
593 1459 680 1521 Atque
698 1456 762 1508 beeo
779 1461 883 1522 quidem
899 1461 982 1525 figure
999 1460 1044 1510 vix
1062 1457 1232 1506 dubitandum

122 1542 163 1586 est
181 1537 243 1599 quin
261 1538 357 1588 referet
373 1533 468 1590 numen
486 1539 564 1600 illud,
589 1542 616 1590 in
637 1543 710 1592 ouius
727 1543 797 1594 scus·
810 1543 937 1594 Senberib
956 1541 1066 1592 truditur
1083 1541 1231 1590 interiectus

121 1633 193 1683 esse,
214 1619 305 1694 ilion,
323 1623 374 1673 lec
391 1623 542 1686 XXXVII,
556 1626 598 1675 38.
618 1625 708 1689 sueg.
717 1627 800 1687 XIX,
818 1627 861 1678 37.
877 1626 934 1690 (eir.
951 1625 1079 1676 Ruwuss.
1096 1624 1231 1674 Commen-

121 1711 181 1768 my
198 1721 223 1768 p.
238 1694 272 1755 ue
284 1721 319 1756 ss.
354 1707 424 1758 sou
442 1709 488 1758 1.1.
514 1709 601 1774 pisi
617 1723 652 1758 as.
687 1709 800 1761 eroso.
818 1711 835 1760 1.
845 1710 862 1758 i.
882 1712 960 1773 p.10.
977 1709 1028 1771 eu).
1047 1706 1154 1758 summu
1175 1708 1230 1759 esus

122 1788 236 1854 diguim
259 1798 337 1856 nique
365 1794 475 1844 eximius
497 1793 577 1844 etism
598 1794 669 1844 locus
692 1801 795 1859 prester
815 1801 903 1844 cetere
923 1793 1030 1844 numius
1050 1805 1107 1842 esse
1129 1790 1231 1840 uidetur

120 1870 177 1933 (cir.
188 1872 299 1924 enom.
316 1875 402 1940 p-3ii),
420 1884 446 1928 et
463 1879 490 1927 in
508 1877 604 1941 psintio
623 1877 875 1941 Nimmdensi-quod
892 1891 996 1928 esurum
1014 1882 1127 1940 spectet,
1144 1889 1229 1926 seors-

121 1958 189 2006 rium
205 1959 261 2008 eius
277 1968 407 2025 repertum
424 1968 478 2023 est,
496 1961 529 2010 ds
546 1977 597 2025 quo
615 1960 727 2012 diximus
745 1962 814 2012 iulrs
831 1961 865 2012 sd
883 1961 911 2023 1,
929 1962 963 2012 14
979 1975 1037 2025 psg.
1049 1961 1092 2010 41.
1104 1961 1147 2010 42.
1173 1959 1229 2010 No-

121 2057 182 2092 men
212 2049 286 2108 moi
314 2045 453 2108 psuiiuium
469 2045 574 2108 quidem
592 2045 680 2096 differt
698 2046 731 2096 sb
749 2047 893 2108 Asssrncor
918 2052 947 2096 nt
963 2059 978 2094 e
995 2044 1105 2095 diversis
1122 2046 1229 2096 rntioni·

121 2127 169 2177 bus
186 2129 278 2192 qulbus
296 2129 372 2179 Lxx
388 2129 569 2191 reddiderunt,
592 2123 743 2196 Νασαράχ,
768 2123 916 2195 Meurig,
938 2123 1075 2194 'Eciiprih
1096 2122 1227 2195 Ἀσαρᾰχ,

68 2275 72 2277 ,
120 2214 250 2276 posterior
268 2213 371 2276 propius
387 2213 468 2264 abest.
499 2213 592 2278 Neque
610 2229 672 2264 vero
689 2229 778 2266 eorum
796 2216 927 2279 sequimur
944 2213 1103 2276 opinionem,
1121 2215 1165 2277 qui
1182 2229 1228 2263 no·

118 2311 180 2346 men
198 2296 332 2347 retulerint
350 2297 384 2346 nd
401 2313 424 2347 v.
445 2297 521 2368 buil,
540 2313 602 2379 :⁴⁶
626 2301 727 2364 equile,
749 2315 806 2351 cum
830 2315 866 2364 αχ
884 2313 904 2347 s.
923 2312 963 2361 ωχ
980 2296 1050 2347 baud
1067 2311 1126 2348 raro
1144 2299 1227 2363 Assy-

117 2382 165 2430 riis
182 2386 209 2430 et
223 2380 375 2446 Babyloniis
392 2382 527 2432 adiicietur
549 2385 696 2458 nominibus
717 2386 772 2448 (cir.
788 2392 888 2451 pilum
913 2381 1025 2434 Guorus.
1042 2396 1068 2444 p.
1082 2381 1139 2445 40);
1166 2397 1228 2432 nsm

118 2467 244 2516 Assaraci
261 2480 356 2516 nomen
372 2474 459 2531 operte
477 2467 574 2531 prodiit
591 2483 625 2517 ex
643 2469 725 2518 Asssr
742 2483 762 2519 s.
781 2469 877 2527 Assur,
895 2466 1023 2516 Ruwurus.
1035 2465 1135 2516 comm.
1145 2481 1170 2528 p.
1180 2467 1226 2526 273

118 2550 222 2599 lucilius
238 2550 318 2614 sccipi
334 2557 432 2614 potest,
455 2559 484 2601 ut
501 2537 636 2601 Isrseiitse
652 2558 757 2615 propter
773 2555 850 2614 ceput
872 2549 1013 2612 aquilinum
1029 2549 1140 2598 similem
1156 2549 1227 2598 vocis

119 2634 237 2683 sonitum
247 2649 300 2684 cum
310 2649 336 2684 v.
358 2635 420 2688 etin
441 2636 604 2686 coniunxisse
621 2633 765 2683 videnntur.

176 2717 242 2767 Tum
264 2733 323 2769 sero
345 2718 415 2769 bsud
437 2734 497 2770 rsro
520 2721 548 2770 in
575 2717 748 2769 monumentis
775 2714 911 2780 singularis
940 2713 1068 2778 quaedem
1095 2713 1226 2764 arboris

118 2815 238 2852 sscrse
254 2805 411 2868 conspicitur
428 2806 524 2869 species
543 2804 598 2868 (sir.
616 2803 677 2852 Ius.
696 2802 739 2866 fig.
752 2801 808 2864 33),
831 2813 946 2850 summae
971 2798 1036 2848 dese
1053 2798 1226 2862 simulacrum,

117 2887 289 2948 Asteries,
312 2901 377 2951 quse
400 2889 516 2952 Assyriis
540 2888 663 2938 audiebat
685 2887 809 2947 Yssisrs,
830 2886 880 2962 cin
901 2883 1028 2936 miuus.
1052 2881 1171 2933 Outlines
1193 2891 1226 2934 ot.

117 2985 144 3034 p.
154 2970 220 3032 XX3
237 2971 282 3020 vix
299 2973 368 3022 enim
384 2974 460 3023 aliter
476 2989 553 3038 quem
570 2974 706 3023 coniuncte
723 2985 780 3021 oum
797 2970 886 3020 Bssiis
904 2970 1021 3033 symbolo
1039 2969 1098 3030 illo,
1116 2969 1226 3032 primum

117 3055 262 3120 descripto,
287 3057 377 3106 veleb
395 3058 453 3106 silis
470 3057 520 3107 diis
537 3056 635 3107 bonore
654 3055 748 3105 silenis
765 3058 899 3120 reperitur.
918 3055 974 3117 (cir.
992 3055 1055 3105 Luu.
1073 3053 1116 3116 ἃς.
1131 3054 1179 3115 31,
1196 3067 1226 3117 ⁸3

116 3141 213 3203 puro.
229 3140 290 3192 sse.
317 3139 381 3190 sos.
400 3157 424 3206 p.
443 3142 501 3192 159.
519 3141 569 3191 sos
587 3141 631 3190 au.
664 3139 970 3206 corrumperes.
1006 3139 1116 3191 sacru.
1135 3154 1159 3202 p.
1174 3138 1226 3200 ur).
1268 3121 1274 3139 '

116 3222 189 3274 Satis
205 3231 294 3274 sutem
311 3225 428 3276 divumne
445 3227 500 3276 eius
517 3226 616 3276 iormse
633 3226 805 3274 inveniuntur.
841 3224 997 3288 Saepissime
1022 3222 1131 3271 occurrit
1155 3229 1226 3272 trun·

108 3323 163 3360 cus
187 3309 360 3374 compluribus
383 3311 459 3360 nodis
483 3312 632 3369 distinctus,
655 3308 699 3371 qui
721 3322 825 3370 surgere
848 3321 863 3356 e
886 3307 941 3356 solo
965 3304 1074 3366 videtur,
1097 3311 1174 3368 etque
1198 3309 1226 3358 in
1293 3291 1303 3305 ⁸

117 3393 227 3456 septem
243 3393 308 3444 ielis
324 3396 461 3457 excrescit,
478 3397 550 3445 vittis
567 3395 681 3456 velisque
692 3390 877 3452 circumdetus,
894 3390 960 3440 odeo
973 3397 1059 3438 tumen
1078 3397 1226 3452 exornatus,

117 3477 163 3526 vix
182 3482 210 3526 nt
226 3491 244 3526 u
260 3477 380 3528 columns
397 3479 431 3527 nd
448 3480 548 3530 arboris
565 3475 759 3528 similitudinem
778 3475 916 3526 ertiilciose
928 3475 1088 3524 ooniormsts
1101 3472 1225 3537 distingui

116 3562 208 3626 possit
242 3562 318 3610 Alius
330 3561 425 3613 deiude
437 3563 554 3624 superior
566 3568 665 3611 mutum
677 3560 732 3609 eius
745 3573 806 3620 psrs
818 3560 944 3623 reperitur
952 3558 1007 3619 (cfr.
1017 3557 1111 3617 sones,
1121 3558 1225 3622 p.125);

116 3659 195 3712 porro
212 3645 368 3706 conspicitur
385 3644 488 3696 truncus
504 3646 587 3695 tribus
604 3646 658 3694 iere
675 3643 751 3694 nodis
769 3644 896 3703 varietus,
920 3641 1033 3704 septenis
1055 3642 1124 3691 foliis
1150 3655 1226 3692 orus·

116 3737 173 3789 nus,
190 3734 217 3778 et
234 3729 291 3792 plns
308 3731 400 3794 viginti
418 3730 542 3780 fructibus
559 3729 712 3793 (palmarum
731 3727 854 3792 dactylis,
871 3732 900 3774 ut
917 3721 1027 3784 videtur)
1044 3725 1152 3787 insignis
1169 3724 1225 3788 (cir.

117 3811 180 3860 Lur.
199 3812 366 3863 Monuments
384 3814 414 3865 oi
428 3814 490 3864 Nin.
508 3814 561 3863 tsb.
575 3813 615 3877 6);
632 3815 660 3864 iu
678 3811 800 3876 cylindris
818 3809 911 3859 deinde
929 3808 1068 3872 simplicior
1079 3810 1157 3858 etism
1169 3823 1226 3873 spe-
1285 3871 1287 3876 .

117 3895 169 3944 cies
191 3911 250 3946 cum
272 3897 346 3946 trinis
368 3897 438 3948 loliis
461 3897 635 3960 fructibusque
657 3897 787 3950 delineeiu
809 3901 849 3944 est
865 3892 919 3954 (cir.
938 3894 1045 3943 Honrsu
1062 3890 1175 3944 Cbnidde
1192 3899 1225 3944 ct.

118 3979 170 4030 tsb.
183 3980 231 4042 lii,
249 3981 293 4044 iig-
306 3984 336 4043 23
354 3983 402 4044 21,
419 3983 463 4045 lig.
476 3979 515 4044 4);
538 3989 668 4045 postremo
685 3981 764 4030 etism
781 3979 891 4044 simplex
914 3979 1013 4028 srboris
1035 3977 1132 4040 ligure,
1154 3967 1225 4027 nulio

118 4063 229 4113 srtiiicio
248 4073 350 4128 prester
368 4067 450 4116 nodos
468 4066 580 4127 veriats,
603 4065 690 4115 multis
707 4064 831 4114 fructibus
848 4070 877 4132 et
890 4063 959 4112 loliis
977 4061 1108 4126 praediis,
1130 4061 1158 4108 in
1180 4074 1225 4124 pu·

118 4147 201 4197 uisiro
218 4147 261 4198 dei
280 4150 411 4200 cuiusdsm
432 4165 554 4215 expresse
571 4157 610 4199 esi
627 4149 682 4212 (cir.
701 4147 787 4198 Gossu
806 4150 864 4196 Ass.
883 4162 907 4211 p.
922 4147 989 4208 104).
1024 4144 1098 4206 Ques
1114 4159 1172 4194 cum
1189 4145 1227 4194 iis

119 4232 185 4294 siut,
209 4232 369 4297 amplissime
385 4235 430 4284 lux
453 4235 551 4286 secedit
573 4234 607 4284 ud
633 4233 811 4284 difficillimam
834 4231 1024 4296 quaestionem,
1046 4243 1112 4292 quse
1135 4235 1175 4278 est
1193 4227 1226 4277 de

120 4315 255 4370 simulacro
272 4318 547 4386 Astartesmwre,
580 4318 649 4383 quod
673 4318 821 4383 saepissime
843 4317 870 4366 iu
897 4315 924 4366 li.
942 4330 975 4366 ss.
1003 4319 1226 4375 commemoretur,
