2966 5090
283 305 374 366 ivxxu
618 299 877 362 'Pnouuuouuna
904 299 977 362 Onu.
995 301 1035 358 11.

284 488 368 548 cuius
385 485 588 546 necessitatem
606 485 736 544 omnium
754 485 819 545 iata
835 485 1014 562 arriguntur.¹
1031 482 1115 558 Quae
1132 481 1274 542 vaticinia
1290 478 1392 541 u'trum

284 587 422 667 gentibus
438 586 635 660 innotuerint,
654 604 708 644 uec
721 605 773 658 ue,
792 605 851 645 non
862 585 985 644 multum
997 585 1103 656 refert,
1121 603 1175 642 ueo
1186 584 1277 642 lonae
1290 595 1393 641 exem-

203 745 209 752 .
284 690 345 766 plis
358 687 448 765 atque
460 686 602 746 Ieremias
613 686 623 718 ¹
635 703 816 764 magnopere
828 685 1023 745 insistendum
1042 693 1096 757 est,
1115 703 1191 762 quae
1209 684 1246 742 ab
1260 683 1328 743 aliis
1346 683 1392 740 in-

284 809 374 865 super
391 787 503 847 caussis
521 786 728 863 suspendenda
745 795 821 846 sunt.
847 787 930 863 Ergo
947 786 1058 862 duplex
1073 785 1168 844 nostri
1183 803 1302 861 quoque
1315 783 1392 842 vati·

283 889 354 950 oiuii
377 905 484 964 scopus
507 895 569 960 est,
594 905 719 964 qnorum
744 886 819 946 alter
841 887 872 944 iu
888 885 1016 959 israele,
1041 885 1117 944 alter
1132 885 1163 943 iu
1181 884 1318 962 ‘Assyriis
1331 903 1392 960 po-

283 991 359 1048 situs
385 993 445 1058 est,
476 1006 595 1061 verum,
618 987 687 1046 licet
709 988 815 1046 horum
837 1005 944 1045 nomeu
969 985 1047 1044 libro
1070 985 1245 1061 inscriptum
1272 985 1326 1058 sit,
1362 993 1392 1043 et

282 1087 486 1148 Israelitarum
504 1087 585 1147 salus
602 1088 722 1147 interitu
740 1107 842 1146 eorum
859 1073 1058 1162 comparanda
1075 1085 1178 1162 paucis
1196 1093 1311 1143 tautum
1323 1103 1391 1144 ver-

282 1189 329 1246 bis
341 1194 443 1262 aperte
455 1187 631 1260 declaretur,
649 1196 745 1246 tamen
760 1186 880 1247 Israelis
892 1193 1044 1262 respectus
1055 1185 1152 1262 primo
1166 1191 1256 1261 atque
1273 1203 1390 1244 summo

281 1288 349 1344 loco
366 1287 519 1347 habendus
536 1297 590 1347 est.
608 1321 645 1331 --
662 1289 726 1346 Iam
744 1305 815 1346 vero
834 1287 974 1365 quoniam
987 1286 1184 1364 Assyriorum
1202 1284 1315 1361 flagitia
1327 1303 1390 1344 nou

281 1387 400 1463 singula
417 1387 564 1464 quaedam
587 1397 616 1448 et
633 1397 713 1447 certo
738 1387 866 1464 quodam
890 1397 1022 1464 tempore
1045 1404 1116 1464 erga
1140 1404 1256 1446 sacram
1273 1393 1391 1462 gentem

280 1495 454 1564 perpetrata
471 1490 692 1565 exprobrantur
709 1495 739 1548 et
756 1489 934 1548 destinatum
958 1505 1013 1564 pro
1038 1488 1075 1547 iis
1098 1486 1275 1563 supplicium
1293 1485 1391 1544 decla·

281 1597 379 1661 ratur,
403 1607 504 1646 verum
531 1590 631 1648 omnia
649 1589 769 1648 omuino
786 1589 922 1648 facinora
938 1608 997 1647 uno
1016 1586 1101 1666 quasi
1125 1594 1285 1662 conspectu
1309 1603 1389 1644 com·

280 1689 428 1766 prehensa
445 1699 653 1767 proponuntur
665 1698 695 1748 et
708 1690 916 1762 diiudicentur,
934 1689 1074 1748 universa
1086 1687 1282 1765 Assyriorum
1294 1686 1389 1744 histo·

280 1790 326 1848 ria
343 1789 473 1848 breviter
490 1791 607 1848 videtur
624 1790 850 1866 perstringenda
868 1807 946 1862 esse,
966 1797 1055 1866 atque
1068 1789 1106 1846 ad
1121 1807 1186 1847 eam
1200 1785 1388 1864 potissimum

280 1888 425 1947 rationem
443 1890 627 1962 revocanda,
647 1907 706 1964 qna
724 1907 789 1946 cum
808 1888 952 1948 Israelitis
970 1875 1204 1947 continebantur.

329 1986 418 2045 Prius
436 2005 508 2045 vero
527 2006 617 2064 quam
634 2005 682 2047 res
697 1987 781 2062 ipsas
798 2007 1000 2064 exponamus,
1018 1986 1325 2063 paucinabsolvenda
1341 1993 1390 2044 est

281 2105 317 2144 ea
334 2085 486 2161 quaestio,
507 2105 583 2163 quae
600 2095 646 2145 est
663 2086 698 2144 de
715 2087 863 2160 fontibus,
889 2087 966 2144 uude
984 2106 1081 2144 rerum
1098 2077 1292 2163 Assyriarum
1310 2085 1391 2144 noti·

280 2187 352 2244 tiam
370 2185 558 2258 hauriamus,
582 2185 758 2262 praesertim
781 2205 847 2244 cum
870 2186 974 2262 paucis
991 2186 1099 2244 abhinc
1122 2187 1208 2244 annis
1225 2186 1391 2245 domestica

278 2285 506 2362 potentissimae
528 2286 625 2363 gentis
648 2295 838 2344 monumenta
869 2285 993 2360 reperiri
1022 2293 1128 2361 coepta
1156 2285 1230 2356 siut,
1260 2304 1392 2360 quorum

279 2400 394 2446 summa
412 2403 529 2461 semper
545 2386 577 2444 in
595 2386 797 2445 concinnanda
815 2386 957 2462 cuiusque
981 2385 1085 2464 populi
1107 2384 1233 2444 historia
1257 2383 1392 2460 dignitas

279 2495 433 2563 astatque
451 2487 624 2546 auctoritas.
652 2483 733 2545 Nam
751 2506 817 2545 cum
839 2486 907 2563 plus
925 2486 996 2543 MM
1013 2485 1100 2544 annis
1116 2483 1233 2556 Ninus,
1259 2484 1390 2560 splendi-

279 2587 395 2647 dissimi
413 2585 485 2645 olim
502 2588 586 2666 regui
605 2595 708 2664 caput,
727 2584 821 2646 vastis
835 2585 955 2645 condita
966 2585 1109 2663 sepulcris
1121 2585 1267 2656 latuisset,
1285 2593 1390 2644 nostra
1475 2565 1476 2642 l

277 2688 422 2747 memoria
440 2688 607 2766 Anglorum
625 2695 654 2745 et
670 2687 937 2764 Francogallorum
962 2705 1054 2764 opera
1071 2693 1101 2744 et
1116 2685 1261 2744 industria
1277 2685 1390 2744 factum

277 2796 338 2859 est,
365 2796 398 2846 ut
421 2787 491 2845 inde
514 2789 551 2846 ab
576 2804 655 2845 anno
675 2790 740 2843 1843
764 2805 780 2843 e
804 2785 925 2861 pulvere
947 2796 977 2842 et
994 2785 1107 2846 sabulis
1129 2783 1281 2862 surgeret²
1297 2793 1390 2862 atque

331 2975 357 3034 1)
375 2973 426 3032 Qui
442 2973 570 3034 propheta
586 2972 704 3034 gentibus
722 2974 875 3024 constitutus
893 2973 1039 3024 declaratur
1055 2975 1082 3038 1,
1100 2977 1124 3025 5.
1143 2979 1184 3027 10.

329 3057 355 3117 2)
380 3055 434 3106 Cir.
458 3055 531 3106 Rucu.
548 3055 688 3106 Narrativo
712 3057 743 3106 oi
763 3072 780 3108 a
802 3055 944 3108 Residence
965 3059 992 3108 iu
1015 3059 1187 3122 Koordistan,
1209 3059 1291 3110 Loud.
1312 3057 1388 3121 1806,
1475 3083 1476 3092 1

279 3141 295 3188 2
314 3139 375 3188 roll.
399 3128 569 3189 'Avnswouru
588 3140 696 3190 Travels
715 3141 766 3190 and
783 3140 941 3192 Researehes
959 3143 986 3192 in
1004 3145 1071 3195 Asia
1086 3143 1181 3206 Minor,
1198 3143 1388 3208 Mesopotamia

277 3231 311 3275 ct.
332 3226 406 3276 1841.
425 3223 515 3273 2voll.
549 3222 637 3274 Boura
656 3230 682 3274 et
698 3225 810 3274 Faenum
832 3226 985 3276 Monumaut
1009 3227 1041 3278 de
1061 3227 1175 3288 Ninive,
1193 3227 1300 3276 Parisiis
1319 3229 1386 3277 1847

279 3310 360 3359 -50.
379 3311 394 3359 5
412 3308 474 3357 voll.
492 3307 537 3357 iol.
572 3309 607 3359 A.
625 3310 659 3360 Η.
677 3311 784 3360 Lavanu
802 3309 968 3360 Monuments
987 3311 1017 3360 oi
1032 3311 1162 3372 Niniveh‚
1180 3308 1291 3360 Loudini
1310 3311 1386 3372 1849,

277 3393 322 3444 iol.
356 3391 479 3442 Eiusdem
503 3383 622 3445 Nineveh
645 3394 696 3444 and
718 3396 752 3444 its
775 3395 901 3456 remeius,
925 3397 940 3444 2
963 3397 1023 3444 voli.
1049 3397 1087 3458 8.,
1112 3397 1188 3446 tertio
1207 3395 1277 3444 edita
1302 3393 1385 3444 Iaoud.

278 3478 359 3536 1850,
376 3481 466 3526 nostro
478 3491 596 3528 sermone
613 3478 715 3528 reddita
727 3479 899 3528 aMuvsanuuo
919 3478 1047 3541 ,Niniveb
1064 3478 1118 3528 und
1135 3480 1206 3530 aeine
1222 3479 1385 3540 Ueberresie‚

277 3562 364 3624 Leipz.
383 3561 463 3624 1850,
493 3560 607 3612 Primam
625 3564 802 3628 operishuius
817 3569 919 3624 partem
932 3564 1069 3614 Lavnnuna
1088 3564 1241 3614 succinctam
1259 3565 1341 3628 magis
1359 3569 1386 3612 et

276 3645 405 3694 communi
422 3646 560 3711 legentium
578 3648 635 3696 usui
653 3647 809 3696 destinatam
827 3648 908 3698 edidit
926 3650 1002 3710 1851,
1021 3649 1066 3697 12:
1090 3648 1131 3710 ,A
1150 3647 1260 3710 popular
1277 3653 1384 3697 account

275 3729 306 3779 oi
325 3728 479 3780 discoveries
502 3737 529 3780 at
546 3730 679 3781 Nineveh“
699 3737 746 3792 et,
770 3732 802 3780 ab
816 3733 873 3782 eod.
891 3733 1038 3781 Murssnuno
1056 3733 1201 3795 germanice
1222 3732 1383 3782 translatam

239 3846 244 3849 -
275 3811 417 3872 (Furrcunu
434 3813 518 3864 Notes
535 3813 601 3862 hom
619 3813 737 3865 Nineveh
752 3816 803 3865 aud
821 3817 929 3866 Travels
951 3817 978 3864 iu
995 3815 1199 3878 Mesopotamia,
1221 3817 1332 3878 Assyria
1350 3822 1382 3865 ot.

275 3896 358 3946 Laud.
383 3897 457 3948 1850.
481 3895 580 3958 11011.)
598 3923 627 3934 -
648 3899 689 3948 Ex
712 3899 751 3948 his
775 3901 848 3962 quasi
872 3900 985 3949 fontibus
1009 3913 1094 3948 rarum
1118 3899 1161 3948 alii
1184 3900 1253 3962 iique
1275 3900 1383 3948 minoris

276 3979 387 4029 ambitus
404 3981 464 4030 libri
483 3981 592 4031 derivati
610 3990 684 4045 sunt,
705 3983 795 4046 quibus
813 3997 879 4046 quae
896 3997 910 4032 e
928 3983 954 4031 ll.
973 3996 1006 4032 ss.
1025 3989 1189 4047 vetemmque
1208 3984 1307 4048 seriptis
1325 3992 1351 4035 et
1369 3997 1383 4032 e
1475 3981 1476 4050 ζ

274 4064 447 4112 monumentis
465 4063 497 4112 de
515 4065 624 4127 Assyria
642 4069 793 4131 antiquitate
811 4073 1007 4130 cognoscuntur,
1025 4067 1126 4116 brevius
1144 4067 1280 4118 uberiusve
1298 4067 1380 4132 expli·

274 4152 376 4208 cantum
399 4148 468 4196 iuter
484 4162 548 4210 quos
568 4150 650 4210 primo
668 4151 724 4200 loeo
742 4152 915 4212 appellamus:
939 4151 993 4200 Ios.
1012 4149 1125 4213 Bonorr,
1148 4151 1260 4202 Niniveh
1279 4151 1335 4201 aud.
1348 4152 1381 4200 ita

274 4228 395 4290 Palaces,
418 4231 501 4281 Loud.
521 4234 600 4294 1852,
624 4236 653 4295 8,
676 4236 719 4298 qui
737 4241 815 4284 antea
830 4234 922 4285 edidit:
951 4235 1008 4285 The
1025 4235 1116 4286 buried
1134 4237 1185 4299 city
1203 4236 1233 4285 oi
1248 4234 1292 4285 the
1309 4235 1379 4294 Nost,

273 4311 406 4375 Nineveh,
425 4315 487 4368 ibid.
508 4319 581 4398 185l.
601 4321 624 4367 8.
661 4320 728 4370 'l'urn
746 4333 807 4370 vero
825 4319 900 4370 anx
916 4317 1036 4371 Nineveh
1053 4319 1104 4370 and
1122 4319 1282 4384 Persepolis,
1303 4320 1379 4370 tertio
