2918 5098
288 318 338 391 44
695 320 769 381 cn».
783 323 813 394 1,
831 339 860 379 v.
878 325 989 380 12-14.

288 509 340 587 qui
356 507 387 566 in
400 512 579 566 contemtum
591 504 743 564 bominum
760 503 905 564 inciderit.
937 505 971 582 ¹3)
989 502 1066 565 Sunt
1081 505 1188 578 etiam,
1208 504 1261 581 qui
1273 504 1382 562 celerem

287 627 353 669 esse
375 614 494 666 vertant
510 600 583 681 bip,
608 605 699 665 veluti
714 609 732 663 2
745 603 825 666 Sam.
839 606 868 678 I,
886 609 936 677 233
961 604 1041 664 Heb.
1054 604 1085 678 1,
1103 609 1136 678 83
1162 605 1381 676 Ierem.lV,13;

286 709 351 768 Iob.
365 707 427 780 IX,
444 711 478 766 25
495 705 577 782 (coll.
594 705 653 765 adi.
669 700 737 784 ΒΡ»
760 706 804 766 sio
820 705 974 779 Poschito‚
997 706 1110 766 omissa
1133 705 1274 764 nimirum
1299 705 1382 764 vocali

288 811 343 869 sub
360 811 380 868 l.
397 825 434 887 u,
452 809 587 866 exhibet:
605 791 748 912 3522,
766 807 840 879 cito,
860 805 1007 879 celeriter,
1021 805 1175 865 'etLXXr
1199 796 1253 865 ὅτι
1274 803 1380 880 ταχεῖς,

288 910 451 970 coniunctis
468 908 568 967 verbis
585 927 652 966 oum
669 926 758 968 versu
775 914 925 984 sequente.
960 905 1046 980 Quae
1061 906 1268 982 interpretatio
1285 907 1381 966 incom-

287 1011 378 1070 moda
402 1017 456 1069 est.
473 1041 511 1052 -
545 1007 830 1068 Commemorandae
852 1006 942 1066 ctiam
958 1015 1042 1080 sunt,
1067 1025 1105 1066 ne
1128 1006 1267 1068 omisisse
1284 1027 1331 1067 eas
1346 1007 1380 1066 vi·

184 1182 191 1191 ¹
288 1112 425 1183 deamat,
449 1108 526 1167 aliae
542 1109 757 1186 interpretandi
773 1108 921 1180 rationes,
946 1127 1023 1185 quae
1040 1107 1088 1166 vel
1105 1107 1266 1167 verborum
1282 1108 1380 1167 formas

288 1211 335 1270 vel
351 1211 491 1270 idoneum
508 1209 661 1268 offendunt
677 1227 811 1269 sensumt
829 1209 977 1281 Ionum,
996 1206 1126 1268 Guornr
1144 1209 1219 1286 quia
1236 1208 1320 1268 facile
1334 1209 1381 1266 hoc

288 1320 334 1371 est
361 1330 462 1370 coram
491 1329 555 1382 mo3
588 1309 703 1382 Deus,
732 1310 873 1368 Pacta:
912 1309 982 1386 quia
1013 1309 1147 1382 vilueris,
1180 1310 1244 1370 scil
1275 1317 1380 1385 accepta

287 1412 371 1472 clade
387 1411 420 1470 in
435 1409 561 1483 Iudaea,
579 1411 627 1470 vel
644 1410 756 1470 amisso
773 1428 881 1486 regn03
907 1409 1049 1487 deniqne,
1073 1410 1117 1468 uti
1134 1411 1311 1470 cavillsrunt
1326 1410 1379 1488 qui·

287 1512 370 1572 dam:
389 1511 466 1590 'quia
481 1511 640 1572 levissimis
658 1519 762 1572 contra
778 1509 941 1569 Dominum
958 1511 1061 1571 verbis
1074 1511 1217 1573 utebaris

338 1613 423 1688 Quae
439 1629 506 1671 cum
527 1612 571 1672 ita
594 1611 667 1686 siut,
692 1612 818 1688 primam
835 1610 967 1670 vaticinii
990 1619 1105 1686 partem
1129 1611 1256 1671 consilio
1272 1608 1378 1669 Domini

287 1716 324 1774 de
345 1713 541 1790 Assyriorum
564 1731 657 1790 regno
678 1713 812 1771 funditus
836 1711 993 1772 evertendo
1018 1711 1135 1771 absolvi
1159 1711 1301 1771 videmus.
1337 1711 1377 1778 lt,

287 1815 374 1875 sicuti
390 1813 502 1874 nullum
519 1814 581 1872 fere
605 1813 701 1872 adbuc
718 1831 835 1873 versum
858 1811 1087 1887 explicavimus,
1111 1813 1148 1872 de
1173 1832 1235 1891 quo
1258 1830 1315 1870 non
1330 1809 1377 1868 dis·

288 1922 461 1992 crepassent
481 1932 530 1972 vv.
553 1914 619 1987 dd,
643 1921 743 1972 utrum
766 1912 912 1990 Assyrios
936 1931 976 1971 an
998 1912 1137 1992 ludaeos
1150 1914 1321 1990 respiceret,
1343 1909 1377 1966 ita

287 2023 452 2075 extremam
469 2031 589 2091 quoque
610 2013 785 2075 sententiam
806 2032 867 2072 non
890 2013 1062 2086 defuerunt,
1087 2013 1138 2090 qui
1162 2015 1201 2072 de
1217 2012 1329 2073 Iudaeis
1343 2009 1377 2067 di·

288 2123 366 2174 ctsm
383 2115 574 2189 affirmarent.
613 2112 768 2173 Ovamnus
785 2095 975 2190 praeceptum
991 2113 1115 2174 Domini
1138 2116 1251 2192 reperit
1267 2113 1301 2186 de
1314 2109 1376 2170 Iuda

288 2215 398 2274 tuende
415 2222 445 2273 et
461 2215 498 2273 de
514 2233 574 2294 non
591 2193 691 2273 lutura
714 2214 822 2273 iterum
839 2214 1023 2290 dispersione
1044 2215 1150 2292 populi
1175 2223 1247 2292 post
1262 2211 1375 2290 Babylo·

287 2315 401 2388 nicam,
427 2323 457 2374 et
478 2315 685 2393 purgationem
710 2335 729 2374 a
753 2315 940 2391 sculptilibus
966 2315 1078 2392 allegat
1100 2316 1212 2377 factam
1235 2316 1287 2376 sub
1309 2309 1375 2371 loeis

287 2434 366 2494 rege.
392 2414 579 2494 singularius
592 2416 681 2474 etiam
694 2415 887 2478 Kfflusxsus
899 2416 1001 2492 priora
1010 2416 1064 2474 illa
1074 2418 1180 2475 verba:
1203 2418 1274 2480 'vro
1295 2409 1330 2475 ab
1344 2409 1374 2468 ad

286 2517 436 2578 Manassis
452 2517 588 2577 instituta
603 2518 694 2576 refert
710 2517 898 2594 abroganda,
917 2515 1025 2594 quibus
1037 2517 1156 2577 ludaeis
1170 2518 1232 2578 dux
1248 2524 1277 2574 et
1287 2520 1374 2572 auctor

286 2618 482 2695 plurimorum
503 2618 646 2678 scelerum
663 2619 776 2690 fuerst3
800 2636 926 2694 eumque
948 2636 1067 2677 sensum
1090 2618 1219 2677 dilucide
1234 2623 1329 2694 patere
1342 2609 1375 2668 ait

287 2740 304 2778 e
321 2728 551 2779 commemorata
568 2719 753 2791 idololotria3
772 2736 862 2794 quam
878 2718 1007 2795 primum
1019 2718 1164 2778 abolitam
1181 2737 1247 2779 esse
1255 2715 1374 2776 Manasse

286 2839 423 2892 reverso,
441 2818 736 2890 2Paral.XXXlII,
756 2821 859 2890 15.16;
879 2818 984 2878 deinde
997 2819 1151 2896 sequentia
1168 2837 1287 2897 quoqne
1299 2813 1374 2874 verbs

285 2928 391 2995 postea
406 2918 529 2994 impleta
546 2937 611 2977 esse
627 2937 681 2994 per
696 2918 823 2991 Iosiam,
848 2919 900 2994 qui
916 2920 1084 2996 fragmenta
1101 2921 1294 2996 sculptilium,
1311 2927 1374 2991 quae

286 3018 467 3090 succideret,
490 3017 631 3093 dispersit
653 3037 708 3093 per
730 3018 860 3078 tumulos
877 3038 995 3093 eorum,
1022 3021 1074 3098 qui
1089 3022 1134 3082 eis
1150 3021 1301 3080 immolare
1316 3029 1373 3071 con·

286 3125 458 3189 sueverant,
483 3117 613 3176 tParal.
627 3118 776 3191 XXXIV,
796 3123 836 3176 lt.
863 3153 900 3164 -
934 3119 1031 3180 Nemo
1057 3131 1104 3182 est
1119 3129 1220 3182 eutem
1243 3117 1309 3196 quin
1328 3113 1374 3170 hal

284 3217 527 3294 interpretatione
544 3237 661 3278 omnem
678 3218 809 3278 vaticinii
827 3220 922 3280 nostri
939 3222 1085 3282 rationem
1101 3223 1219 3282 turbari
1234 3209 1372 3290 intelligilis

285 3337 352 3378 oum
368 3337 425 3396 pro
442 3319 528 3396 gravi
551 3319 735 3393 calamitate,
761 3338 851 3396 quam
876 3324 1092 3397 exspectabant
1107 3323 1227 3398 ludaei,
1253 3311 1373 3378 libereti0

284 3420 322 3478 ab
339 3420 477 3480 hostibus
494 3428 524 3480 et
539 3421 687 3481 restitutio
705 3421 848 3498 pristinae
864 3422 978 3498 gloriae
994 3424 1203 3498 promittatur,
1228 3436 1317 3497 neque
1332 3430 1372 3471 us·

285 3539 374 3598 quem
391 3522 513 3600 gravior
528 3523 681 3584 nuntiatur
697 3541 810 3600 poena,
830 3542 919 3601 quam
937 3543 997 3601 qua
1013 3523 1074 3584 iam
1091 3533 1176 3586 crant
1192 3520 1296 3586 affecti.
