2918 5098
1047 42 1062 73 ὁ

1441 117 1442 182 t

137 269 175 341 '.
273 267 323 336 40
685 271 802 344 cml,
821 292 849 330 v.
866 276 975 333 ιι-ιι.
1026 269 1031 277 '

230 471 232 475 ·
272 455 354 516 braei
379 463 458 516 sunt.
501 455 594 514 'Lxx
617 450 676 538 τὴν
697 443 822 536 ῥάβδον
844 456 979 534 legerunt
1000 470 1088 536 sumo
1113 455 1165 514 eir.
1188 455 1252 516 Ies.
1275 455 1343 527 IX,
1365 460 1391 530 3,
1439 361 1442 508 1

273 557 354 636 quod
378 556 565 616 adsimilem
588 557 651 616 iere
674 575 792 640 sensum
817 555 903 614 redit
938 571 1020 632 pust?
1039 552 1200 638 umentes]
1225 571 1312 624 now
1336 557 1391 617 nisi
1441 539 1442 542 Ἴ

272 658 371 736 specie
384 657 459 734 plur.
467 675 526 716 non
538 657 664 735 legiturr
677 670 770 734 genus
779 663 840 716 tum
858 651 1053 716 masculinum
1066 654 1220 715 habetIes.
1230 657 1390 731 XXVIII,

272 763 320 832 su
350 759 478 832 u11‚e;
504 759 555 818 es.
573 757 690 831 sxvt,
716 763 765 831 a,
794 767 857 816 um
882 739 1056 815 femininum
1077 757 1143 815 ros.
1159 756 1336 831 xxxrx,
1359 763 1391 831 s,

272 860 374 920 Ierem.
386 857 525 932 XXVII,
543 863 568 916 2.
610 858 762 918 Liberatio
785 877 805 917 a
821 854 946 918 vincuiis
968 857 1117 916 indicatur
1132 858 1180 920 vel
1196 877 1225 915 v.
1243 874 1315 918 nne
1336 856 1391 918 ies.

271 957 883 1036 L11,sa11.‚ve1v.,sssctr.1²s.11,3;
907 957 1092 1030 ler.11,so;
1117 957 1155 1032 V,
1172 963 1204 1030 53
1222 957 1347 1034 XXX,
1364 963 1390 1030 8,

272 1075 354 1137 puin
374 1059 495 1124 eosdem
510 1059 609 1121 reddit
625 1077 736 1133 sonos,
754 1061 862 1138 quibus
881 1078 908 1118 v.
920 1065 951 1118 12
963 1059 1109 1118 habemus
1128 1073 1219 1133 usva-
1234 1091 1278 1102 -
1306 1059 1390 1134 Quae

271 1161 363 1219 verbs
386 1159 534 1238 pertinere
555 1161 594 1219 ad
610 1161 768 1234 Israelem,
792 1159 872 1237 apud
896 1177 999 1218 omnes
1021 1159 1083 1221 fere
1107 1159 1273 1240 constabat
1299 1160 1389 1220 inter·
1441 1181 1442 1190 ¹

154 1309 159 1317 .
271 1269 385 1338 pretes,
409 1261 545 1338 exceptis
566 1259 747 1334 Turonum,
765 1263 940 1334 Amasin,
964 1261 1104 1332 sunno,
1122 1254 1251 1336 quibus,
1279 1262 1387 1319 mirum

272 1359 367 1420 dict‘ci
399 1361 595 1439 Assyriorum
618 1370 647 1420 et
671 1361 801 1438 gentium
825 1359 1009 1420 subditarum
1027 1377 1131 1436 aroge
1154 1369 1184 1418 et
1201 1379 1387 1438 oppressore
1441 1409 1442 1416 ,

194 1504 201 1515 .
271 1463 408 1522 liberatio
427 1463 487 1522 esti
517 1462 627 1521 Verum
644 1461 785 1522 Isrdeiem
803 1461 966 1539 appellari,
984 1461 1032 1520 vel
1050 1479 1087 1519 ex
1106 1476 1141 1518 eu
1158 1471 1294 1538 apparet
1310 1463 1385 1534 Ioco,

215 1621 221 1631 ,
272 1563 323 1640 qui
341 1563 418 1626 vatis
443 1563 542 1623 animo
565 1565 742 1623 obversatus
766 1573 827 1638 est,
850 1581 916 1622 eum
932 1561 1007 1620 haec
1029 1561 1171 1622 scriberet
1187 1563 1304 1636 verba,
1329 1564 1383 1621 Ies.

270 1664 318 1738 X,
336 1669 383 1723 st:
417 1672 473 1739 „et
496 1665 549 1724 iila
571 1665 619 1723 die
640 1665 689 1738 fit,
714 1673 747 1722 ut
768 1664 887 1722 recedat
909 1680 985 1722 onus
1007 1662 1071 1722 eius
1093 1683 1112 1721 a
1134 1663 1253 1722 cervice
1279 1673 1334 1724 tua
1356 1672 1384 1722 et

270 1765 372 1843 iugum
390 1766 453 1826 eius
471 1785 490 1824 a
507 1766 584 1826 coito
602 1773 672 1837 tuo,
697 1771 726 1824 et
742 1763 889 1842 frangitur
905 1763 1006 1842 iugum
1028 1781 1101 1840 pree
1117 1763 1218 1822 ole0.“
1267 1765 1385 1839 Quibus

270 1867 369 1925 verbis
387 1885 452 1925 cum
469 1866 583 1925 Iesaias
600 1863 711 1924 Hiskis
735 1875 878 1942 regnante
902 1864 1062 1942 perniciem
1079 1865 1280 1941 Assyriorum
1298 1885 1382 1942 prae·

244 2006 247 2010 -
271 1967 394 2040 diceret,
419 1985 515 2044 esque
539 1966 657 2024 funesta
684 1963 737 2024 illa
759 1964 917 2029 Sanheribi
946 1965 1029 2024 clade
1057 1965 1173 2024 evenire
1198 1966 1381 2043 coepissent,

272 2067 378 2126 iisdem
402 2066 464 2124 fere
487 2066 582 2125 utitur
595 2064 767 2140 Nahumns,
797 2074 830 2126 ut
853 2066 946 2132 totius
964 2065 1053 2142 regni
1074 2067 1231 2126 eversione
1255 2084 1381 2146 prorsus

274 2187 309 2225 ea
325 2167 498 2242 propediem
516 2166 696 2244 significaret
713 2167 838 2230 absolvi.
878 2165 945 2247 lugi
968 2175 1066 2226 autem
1090 2174 1120 2225 et
1136 2167 1327 2227 vinculorum
1344 2167 1381 2226 si·

272 2267 407 2338 militudo
431 2287 548 2326 omnem
573 2267 656 2326 illam
677 2268 769 2327 refert
791 2267 878 2346 qussi
900 2267 1089 2340 servitutem,
1119 2286 1180 2344 qua
1204 2270 1244 2327 ab
1270 2265 1380 2327 Achaei

271 2376 405 2445 tempore
420 2344 610 2446 premebatur
625 2369 752 2442 ludaea3
775 2389 844 2428 nam
860 2369 930 2428 licet
955 2385 1055 2428 annua
1071 2369 1247 2445 plerumque
1268 2369 1379 2429 tributa

273 2477 386 2529 tantum
403 2471 559 2546 pendenda
575 2480 675 2544 erant,
693 2490 730 2530 ea
746 2478 845 2529 tamen
863 2489 919 2546 pro
932 2467 1127 2546 Assyriorum
1144 2469 1272 2529 arbitrio
1290 2467 1377 2528 modo

274 2572 414 2647 graviora
430 2571 656 2633 modo'leviora
677 2571 921 2648 imponebantur3
947 2569 1068 2642 deinde,
1091 2569 1161 2628 licet
1176 2570 1261 2630 iussa
1278 2587 1376 2630 sorum

273 2672 371 2732 facere
387 2691 446 2732 non
464 2692 580 2751 semper
597 2672 760 2746 debebant,
784 2672 890 2730 timore
907 2679 1006 2729 tamen
1022 2678 1165 2746 perpetuo
1183 2673 1376 2748 angebantur,
1441 2705 1442 2716 ι

270 2792 327 2846 ne,
357 2773 429 2852 quid
455 2774 538 2848 passi
561 2773 599 2832 ab
622 2773 661 2832 iis
684 2771 838 2831 Israelitae
861 2779 960 2844 erant,
983 2770 1067 2846 ipsos
1091 2789 1210 2848 quoque
1234 2777 1374 2833 maneret
1441 2791 1442 2806 ι

269 2872 423 2944 Ceterum,
454 2873 540 2931 sicuti
570 2872 745 2948 sententiam
774 2871 875 2947 potius
901 2871 1016 2930 Iesaiae
1043 2890 1133 2948 qnam
1162 2874 1255 2932 verba
1285 2867 1374 2948 repeti

267 2973 418 3044 videmus,
446 2971 490 3028 ita
512 2971 696 3030 vinculorum
721 2972 809 3030 etiam
842 2972 1053 3048 cogitationem
1078 2973 1320 3047 addidimus,
1345 2971 1374 3028 in

267 3090 363 3148 eoque
380 3071 529 3130 Manassis
552 3071 754 3148 captivitatem
777 3071 925 3148 respicere
943 3073 1074 3146 videtur,
1100 3074 1182 3150 quod
1203 3075 1300 3150 probe
1323 3090 1373 3130 no·

267 3171 343 3230 tavit
366 3171 575 3244 Ksu1nsu1us3
603 3171 647 3231 ita
672 3171 753 3230 facta
775 3172 838 3231 eius
861 3183 932 3250 post
954 3181 1138 3250 praestatem
1162 3173 1372 3250 poenitentiam

265 3271 401 3332 remissio
419 3253 551 3332 vaticinii
573 3271 689 3349 plenius
714 3272 845 3332 'eventuri
867 3274 975 3350 pignus
993 3281 1066 3334 erat.
1084 3307 1120 3317 —
1156 3273 1258 3333 Nede
1276 3276 1371 3334 decem

265 3372 395 3432 tribuum
420 3373 593 3450 captivitate
611 3374 799 3433 absolvenda
822 3374 986 3451 cogitemus
1008 3374 1111 3450 (Eva,
1135 3375 1257 3453 Hira),
1283 3373 1372 3434 totins

266 3473 378 3533 oraculi
395 3474 496 3534 indole
513 3483 542 3533 et
559 3475 675 3534 ratione
692 3484 836 3534 vetamur.
855 3509 891 3518 -
920 3475 1025 3536 Ierem.
1039 3475 1149 3548 XXX,
1167 3480 1184 3534 8
1200 3476 1369 3536 vaticinium

265 3576 302 3637 de
318 3575 457 3637 universa
473 3585 560 3653 gente
577 3595 663 3636 saera
680 3577 718 3634 ab
737 3575 872 3636 omnibus
896 3575 1016 3634 omnino
1040 3576 1178 3636 hostibus
1194 3573 1371 3636 vindicanda

263 3675 379 3736 Iesaiae
395 3677 483 3738 simul
500 3686 530 3738 et
546 3667 681 3738 Nahumi'
702 3677 798 3736 editur
815 3677 929 3736 verbis:
961 3685 1018 3750 „et
1040 3677 1075 3735 fic
1099 3676 1152 3735 illa
1175 3677 1237 3751 die,
1263 3669 1368 3736 dictum

263 3763 387 3838 Domini
405 3779 604 3851 exercituum,
627 3779 764 3855 frangam
782 3777 884 3855 iugum
901 3777 964 3836 eius
981 3777 1018 3836 de
1035 3776 1113 3835 eollo
1131 3785 1183 3837 tuo
1208 3788 1239 3838 et
1254 3775 1370 3838 vincula

264 3887 315 3937 tua
331 3877 515 3951 dilacerabo‚
535 3897 589 3938 nec
605 3867 732 3955 amplias
749 3895 785 3937 eo
803 3878 933 3938 servient
948 3878 1144 3956 peregrinis.“
