2966 5090
299 337 353 384 xx.
646 320 892 379 Puoneconsus.
919 318 993 380 One.
1014 319 1054 378 11.

299 523 357 583 pus
374 505 524 584 quoddam
546 511 576 562 et
593 502 676 579 optio
693 503 774 563 iacta
791 511 852 577 est,
877 523 947 562 num
973 502 1051 562 forte
1074 503 1179 580 poenis
1205 511 1327 580 peccata
1351 521 1405 562 soa

300 607 488 685 gravioribus
505 603 642 679 deinceps
659 604 824 664 subsecutis
846 605 877 664 in
899 603 1112 680 poenitentiam
1136 604 1210 678 acti,
1234 605 1273 663 ad
1295 604 1404 663 iustum

301 708 532 782 clementemque
565 703 727 764 Dominum
761 722 847 764 snum
879 704 1004 781 integris
1036 703 1142 764 animis
1180 713 1405 764 mvertemntur.

301 807 401 882 Quare
417 805 455 865 ad
472 803 693 881 exsequendam
709 804 893 882 punitionem
900 804 1045 881 Aegyptii
1061 804 1189 880 primum
1206 803 1317 866 Sisako
1334 823 1404 882 rege

299 914 438 984 ceperunt
455 904 684 981 Hierosolyma3
702 905 807 964 deinde
824 905 861 964 ad
879 904 988 965 Ussiae
1005 905 1083 982 regis
1101 913 1243 977 aetatem,
1262 923 1323 982 quo
1341 924 1403 965 ma·

298 1007 347 1084 gis
363 1005 409 1066 dei
427 1013 585 1081 praecepta
602 1005 797 1083 neglexerunt
814 1013 844 1064 et
860 1005 922 1066 suis
940 1005 1124 1064 confiderunt
1141 1005 1268 1077 viribus,
1295 1024 1315 1063 a
1331 1005 1404 1064 vici-

299 1106 345 1166 nis
362 1105 499 1183 gentibus
517 1105 683 1193 minoribus
701 1107 897 1166 vexabantur.
914 1103 1125 1164 Nubilominus
1141 1105 1297 1165 victoriam
1315 1105 1404 1165 etiam

298 1215 328 1264 et
344 1204 514 1265 felicitatem
532 1205 660 1282 largitus
677 1214 723 1266 est
735 1206 900 1280 Dominus,
919 1213 951 1264 ut
965 1205 1148 1282 benignitate
1164 1213 1405 1265 converterentur

297 1305 337 1364 ad
353 1305 582 1382 poenitentiam,
605 1315 696 1384 atque
718 1307 793 1365 adeo
810 1304 919 1366 Ussiae
935 1313 1068 1382 tempore
1090 1325 1234 1365 summam
1250 1307 1404 1383 prosperi-

297 1414 390 1465 tatem
418 1407 537 1484 utrique
565 1424 659 1483 regno
682 1407 865 1480 conciliavit,
888 1405 1019 1466 subactis
1042 1406 1180 1465 omnibus
1202 1405 1339 1482 gentibus
1362 1409 1403 1466 ab

297 1505 400 1566 Ezeon
417 1505 519 1566 Geber
536 1506 574 1564 ad
590 1506 799 1584 Thapsacum¹
817 1540 853 1550 -
871 1515 903 1566 at
919 1525 954 1564 eo
972 1506 1068 1583 magis
1085 1507 1116 1564 in
1138 1503 1288 1566 luxuriam
1305 1515 1334 1566 et
1351 1526 1404 1567 su-

297 1607 433 1683 perbiam
467 1618 498 1666 et
530 1607 656 1666 aliarum
690 1606 865 1684 religionum
894 1607 1085 1683 cupiditatem
1114 1607 1293 1680 inciderunt,
1324 1627 1404 1684 quas

298 1728 416 1782 summa
433 1726 548 1768 morum
566 1708 740 1784 depravatio
758 1716 789 1768 et
804 1708 992 1768 anocissima
1004 1727 1139 1784 quaeque
1150 1707 1285 1768 facinora
1295 1728 1403 1786 seque-

298 1809 415 1870 bantur.
451 1807 553 1882 Quare
569 1827 638 1868 cum.
652 1816 795 1867 statutum
812 1807 1014 1866 conversionis
1031 1815 1146 1883 tempus
1170 1808 1352 1884 sprevissent
1371 1818 1404 1867 et

297 1907 445 1966 idolorum
467 1905 705 1964 Canaanensium
723 1908 801 1966 cultu
818 1908 887 1964 inde
904 1926 922 1964 a
938 1906 1028 1966 Ioaso
1046 1924 1115 1982 rege
1132 1908 1228 1983 magis
1245 1909 1404 1986 magisque

297 1997 537 2083 inquinarentur,
561 2005 710 2064 Dominus
726 2006 880 2064 mortifero
897 2005 1005 2064 Ussiae
1021 2024 1100 2064 anno
1115 2024 1170 2081 per
1185 2006 1312 2064 lesaiam
1329 2027 1404 2083 prc-

296 2106 418 2184 phetam
435 2104 531 2162 diram
548 2103 625 2162 dixit
642 2104 818 2164 sententiam
837 2104 907 2179 (les.
924 2105 997 2181 VI),
1011 2112 1048 2168 ¹nt
1063 2105 1124 2162 iam
1142 2105 1310 2163 obstinatae
1326 2123 1403 2166 con-

296 2205 442 2266 tumaciae
464 2211 555 2282 atque
570 2204 711 2280 perniciei
728 2204 930 2275 traderentur,
953 2223 1007 2262 nec
1031 2204 1159 2279 amplius
1181 2204 1297 2263 etiamsi
1314 2205 1402 2262 audi-

294 2313 360 2374 rent
378 2305 516 2377 verbum,
533 2303 629 2363 redire
646 2313 676 2363 et
692 2304 805 2364 servari
822 2305 860 2364 ab
877 2303 998 2362 interitu
1014 2312 1147 2379 possent.

345 2405 394 2463 Ita
409 2405 520 2464 iactum
539 2412 601 2477 est,
624 2413 658 2464 ut
674 2404 777 2470 ludaei
795 2404 896 2464 statim
913 2403 1116 2464 funestissimo
1133 2404 1212 2463 bello
1229 2423 1248 2462 a
1265 2401 1352 2480 Syris
1370 2415 1403 2463 et

294 2504 494 2581 Ephraemitis
511 2504 596 2564 illato
614 2524 632 2562 a
650 2523 765 2564 summo
782 2504 896 2581 gloriae
912 2502 1034 2579 fastigio
1051 2503 1082 2561 in
1105 2513 1268 2564 extremam
1292 2503 1400 2562 deiice-

293 2615 395 2664 rentur
411 2605 561 2664 miseriam
571 2603 598 2678 ²,
620 2613 666 2677 et,
691 2623 758 2663 cnm
774 2604 922 2680 pessimus
939 2621 994 2662 rex
1012 2603 1113 2664 Achae
1130 2605 1325 2682 Assyriorum
1341 2604 1398 2666 im·

292 2704 443 2781 plorasset
460 2705 620 2776 auxilium,
643 2705 767 2764 arbitrio
786 2723 888 2762 eorum
905 2722 941 2762 ac
957 2723 1052 2779 paene
1069 2704 1264 2764 dominationi
1280 2705 1399 2780 subige,

293 2814 412 2875 rentur3
432 2812 526 2880 atque
542 2805 634 2876 adeo,
657 2823 723 2862 cum
740 2803 809 2876 plus
827 2801 958 2861 ducentis
984 2803 1201 2880 quinquaginta
1223 2804 1308 2865 annis
1330 2823 1397 2864 aum

292 2903 458 2975 minoribus
479 2902 684 2960 tantummodo
707 2900 845 2976 gentibus
868 2901 1094 2960 conflictandum
1116 2904 1255 2977 fuisset³,
1279 2905 1397 2963 iamab

291 3001 403 3076 ingenti
420 3016 513 3074 regno
530 2999 679 3056 mundano
697 3017 756 3056 non
774 2999 1009 3072 terraneolam,
1034 3021 1136 3062 verum
1162 3004 1348 3079 pessumdari
1364 3014 1397 3062 et

291 3098 432 3158 contundi
449 3097 547 3172 coepti
563 3105 641 3155 sunt.
667 3096 868 3158 Nihilominus
893 3099 1092 3177 quadraginta
1114 3103 1177 3162 iere
1201 3104 1285 3164 annis
1308 3122 1396 3180 prae-

290 3299 424 3359 valerent
438 3296 557 3370 Iudaei,
576 3297 601 3357 si
619 3316 678 3356 non
696 3317 715 3356 a
731 3298 870 3375 gentibus
886 3299 942 3358 deo
959 3299 1074 3360 infestis
1089 3312 1223 3378 peterent
1235 3303 1392 3378 auxilinm,

290 3401 342 3460 sed
360 3417 444 3459 suam
462 3397 656 3474 implorarent
672 3398 800 3475 gratiam
818 3408 848 3457 et
865 3400 1127 3477 omnipotentiam
1152 3404 1298 3480 Assyrios
1316 3406 1393 3464 enim

202 3225 204 3229 ’
291 3198 411 3258 teractis
427 3196 577 3256 Dominus
594 3197 783 3256 celeberrimo
800 3199 938 3276 exemplo
955 3201 1099 3275 ostendit,
1124 3204 1196 3281 qnid
1217 3205 1306 3262 etiam
1329 3213 1393 3264 tum
1473 3255 1474 3264 ,

290 3501 329 3559 ad
347 3515 493 3560 summum
511 3499 661 3574 potentiae
678 3498 793 3558 culmen
811 3509 928 3559 evectos
946 3509 1015 3560 ante
1027 3500 1305 3580 Hierosolymorum
1324 3523 1394 3582 por·
1472 3561 1473 3564 ,

289 3641 491 3656 μ

296 3747 298 3750 ·
340 3741 366 3804 1)
389 3740 442 3790 Cir.
460 3739 525 3791 Ksn.
542 3740 708 3792 Commentar
731 3743 794 3794 iiber
816 3743 859 3794 die
875 3743 925 3794 Bb.
948 3743 995 3795 der
1011 3743 1127 3808 Kbnige,
1150 3745 1184 3796 ad
1209 3746 1306 3813 iReg.
1331 3749 1392 3811 XV,

288 3823 321 3874 16
370 3825 445 3874 .459.

326 3841 369 3969 'ti'
381 3907 435 3958 Cir.
453 3906 565 3958 Onnum
582 3907 629 3958 dar
645 3910 971 3974 syrach-ephraimitisohe
989 3912 1070 3978 Krieg
1087 3930 1111 3978 p.
1121 3917 1137 3965 8
1149 3930 1197 3979 sa,
1218 3917 1264 3981 qui
1287 3918 1391 3981 copiose

287 3999 312 4040 et
329 3993 432 4057 egregie
449 3990 482 4040 de
499 3991 574 4042 huius
591 3992 653 4042 belli
671 3995 771 4044 ratione
789 4001 815 4043 et
831 3996 947 4059 pondere
963 3995 1110 4060 disputavit.

336 4074 363 4136 3)
380 4074 487 4126 Praeter
503 4083 602 4126 ceteros
621 4074 681 4140 Syri
698 4077 866 4140 Damasceni,
884 4080 928 4144 qui
946 4079 1068 4142 singulari
1086 4082 1197 4146 quadam
1215 4085 1315 4133 ratione
1333 4100 1390 4135 cum

285 4166 393 4222 utroque
415 4174 495 4224 regno
518 4161 726 4221 continebantur,
749 4162 865 4214 continui
889 4165 944 4214 fere
968 4165 1120 4215 irritamenti
1145 4167 1220 4216 simul
1244 4174 1271 4218 et
1294 4167 1390 4233 flagelli
1470 4173 1471 4206 1

284 4257 389 4292 munere
405 4243 590 4308 iungebantnr;
613 4259 720 4308 quorum
743 4245 811 4294 vices
833 4247 885 4297 iam
908 4249 985 4314 longe
1007 4251 1110 4312 gravius
1135 4249 1250 4315 agendas
1273 4265 1390 4316 suscepe-

283 4334 342 4378 runt
359 4329 469 4394 Assyrii.
487 4330 532 4381 cir.
551 4330 663 4380 Cassam
679 4331 696 4379 l.
709 4330 725 4380 1.
744 4347 768 4396 p.
780 4330 900 4382 19-21,
975 4348 981 4360 ·
