2918 5098
539 387 613 447 Car.
626 388 672 461 11,
693 409 719 448 v.
733 395 759 447 3.

613 643 640 681 v.
659 626 684 682 3.

140 769 228 844 Quae
245 771 363 830 tandem
381 771 458 830 tanti
479 789 566 832 casus
589 791 697 833 caussa
713 773 777 832 est?
801 807 837 818 -
874 774 952 832 Nam
968 783 1120 838 reuertitur
1137 781 1200 840 Do-

85 875 181 930 minae
198 871 241 928 ad
256 873 339 930 decue
356 872 457 930 Iacobi
473 881 610 948 tanquam
626 875 709 933 dean
721 873 857 943 laudm
876 879 1009 950 ponium
1026 895 1202 942 commutat

85 990 135 1030 eoa
152 981 335 1042 commotae,
357 983 385 1031 et
395 975 528 1048 palmites
544 991 640 1034 eoram
656 985 849 1050 comportat.
875 974 961 1036 Haec
983 979 1089 1054 verba,
1113 983 1199 1059 gravi

84 1074 285 1148 interpretum
301 1072 405 1132 labore
421 1073 565 1150 insignia,
591 1075 683 1136 tanbe
704 1075 847 1152 impedita
868 1076 1095 1142 difficultatibus
1119 1082 1199 1142 vide-

84 1173 216 1246 bantur,
240 1182 274 1232 ut
290 1193 338 1234 ex.
356 1191 401 1252 gr.
419 1173 625 1236 Keuurturttus
650 1177 688 1234 de
709 1176 806 1237 salute
822 1195 928 1238 versus
949 1180 1071 1240 omuino
1095 1182 1199 1259 despe-

85 1281 182 1332 raret
209 1273 417 1352 „Quocunque
433 1276 561 1348 modo,“
578 1276 690 1355 inquit,
709 1286 892 1354 exponatur,
917 1297 1013 1341 nexus
1029 1300 1096 1340 eum
1113 1301 1199 1359 prae·

84 1374 267 1434 cedentibus
279 1383 310 1433 et
326 1375 517 1453 sequentibus
534 1375 633 1436 nullus
649 1378 739 1454 plane
756 1387 817 1452 est,
835 1397 871 1439 ec
882 1397 984 1453 nemo,
1002 1383 1084 1459 qnod
1095 1385 1197 1456 sciam,

84 1474 146 1533 fuit
163 1475 373 1551 interpretum,
392 1476 444 1553 qui
461 1495 527 1536 eum
544 1478 741 1552 probabiliter
757 1477 947 1555 expediret3“
965 1481 1091 1541 evellere
1106 1484 1198 1560 igitur

83 1576 212 1634 dumeta
232 1577 400 1648 constituit,
422 1585 583 1652 praeeunte
604 1576 831 1652 Sounounnno,
861 1589 892 1638 et
912 1580 1071 1655 genuinum
1094 1603 1197 1645 versus

81 1677 187 1735 locum
204 1686 276 1752 poet
291 1677 322 1750 I,
341 1681 373 1737 13
390 1695 456 1736 esse
472 1678 638 1750 contendit3
664 1697 732 1736 nam
749 1677 830 1736 inter'
849 1677 1050 1742 defensionem
1067 1679 1141 1740 Nini
1167 1693 1196 1744 et

82 1777 343 1854 oppugnationem
372 1777 516 1837 eiusmodi
545 1778 719 1838 sententiam
748 1777 838 1855 plane
866 1777 1082 1840 intolerabilem
1120 1801 1195 1843 esse.

82 1877 188 1937 Nobis
206 1878 357 1954 explicare
373 1878 499 1952 nodum,
518 1897 608 1957 quam
626 1898 695 1939 ense
711 1879 854 1955 expedire
879 1879 974 1940 satius
990 1881 1122 1955 videtur3
1149 1903 1194 1956 eo,

81 1979 178 2038 modo
184 1979 342 2038 verborum
348 1987 512 2055 potestates
518 1997 574 2039 usu
588 1981 777 2040 confirmatas
790 1997 958 2058 sequamur,
977 1991 1006 2040 et
1018 1985 1195 2043 sententiam
1268 1969 1275 1980 ⁸

82 2089 112 2138 et
130 2079 269 2139 ordinem
287 2098 346 2138 non
364 2088 466 2155 aptum
483 2079 597 2154 solum,
615 2101 717 2142 verum
731 2082 881 2160 egregium
894 2101 959 2142 esse
971 2099 1193 2161 cognoscemus.

135 2179 239 2256 Caput
260 2180 444 2257 quaestionis
466 2181 596 2255 positum
619 2183 717 2242 estin
734 2183 827 2242 verbo
850 2198 912 2254 :arm
937 2184 1021 2244 cuius
1043 2187 1194 2245 notionem

81 2281 271 2358 primitivam
284 2299 349 2340 esse
362 2281 530 2355 recedendi,
543 2291 646 2341 notum
656 2291 711 2342 est.
732 2285 775 2342 At
788 2301 891 2342 omnes
904 2283 942 2341 ad
953 2293 1087 2344 nostram
1099 2307 1194 2365 usque

81 2381 261 2442 memoriam
282 2383 457 2458 interpretes
479 2401 545 2442 esse
568 2383 715 2461 quaedem
737 2383 854 2442 dicendi
878 2401 989 2459 genera
1011 2397 1192 2459 asseverant,

81 2484 196 2560 quibus
219 2501 278 2540 uon
299 2482 503 2555 intransitive,
528 2483 580 2542 eod
602 2483 761 2542 transitiva
782 2491 916 2558 potestas
939 2494 1005 2542 rata
1026 2486 1080 2558 sit,
1103 2486 1193 2564 idque

81 2583 219 2642 maxime
234 2583 264 2642 in
282 2583 472 2644 celeberrima
488 2583 618 2642 formula
634 2582 700 2642 illae
719 2597 805 2647 munta
819 2597 892 2654 nutv,
911 2592 1104 2654 „convertere
1122 2603 1192 2660 cap-

81 2686 266 2744 tivitatem.“
292 2682 392 2744 Sensit
408 2684 527 2761 quidem
541 2684 834 2752 anuunonrrrus,
853 2682 879 2741 si
894 2682 939 2742 ita
951 2691 1043 2757 esset,
1062 2685 1192 2761 flagitari

82 2786 215 2842 formam
231 2785 352 2862 Hipbil;
370 2784 560 2844 nihilominus
576 2785 607 2842 iu
625 2803 726 2844 errore
742 2783 852 2842 tradito
871 2783 1080 2858 perseveravit
1104 2785 1193 2844 Hunc

80 2895 185 2945 autem
202 2905 339 2958 sensum,
363 2905 458 2964 aeque
482 2906 518 2945 ac
534 2894 691 2963 cognatum
714 2882 798 2944 illum
820 2884 1009 2958 restituendi,
1034 2886 1190 2945 reducendi

80 2997 138 3060 ct,
159 2995 269 3045 temere
285 2987 401 3046 illatum
417 2988 511 3046 verbo
522 3005 603 3059 esee,
621 2985 785 3046 luculenter
808 2986 1023 3046 demonstravit
1035 2986 1192 3047 Haucste.

79 3089 179 3147 Beitr.
192 3088 233 3146 11.
246 3107 277 3164 p.
289 3093 340 3148 lot
350 3106 409 3160 ss,
428 3089 601 3164 praesertim
616 3089 761 3147 eratione
771 3087 852 3146 illius
866 3087 924 3146 loci
937 3087 1027 3146 Deut.
1040 3087 1150 3162 XXX,
1163 3093 1191 3162 3,

80 3191 135 3267 qui
160 3188 343 3265 reliquorum
366 3189 454 3265 quasi
477 3189 699 3248 fundamentum
726 3198 780 3248 est.
813 3186 870 3247 Oui
893 3188 1054 3249 novissime
1083 3190 1193 3250 obiecit

79 3288 355 3350 Sounourueuuus
375 3307 480 3349 comm.
502 3290 532 3347 in
556 3288 621 3348 lob.
645 3291 682 3348 ed
706 3289 808 3361 XLII,
831 3293 876 3346 to:
904 3289 933 3366 l)
957 3306 999 3348 na
1020 3307 1079 3348 uon
1102 3307 1193 3365 posse

79 3389 278 3448 directionem
295 3389 354 3448 loci
366 3391 413 3449 vel
426 3391 469 3449 rei
481 3390 626 3462 indicare
640 3391 807 3448 conferatur
820 3395 919 3446 autem
932 3392 953 3444 2.
963 3387 1043 3448 Sam.
1057 3389 1127 3461 XV,
1141 3392 1189 3447 23:

80 3503 252 3550 eunome
264 3506 320 3564 ure
337 3482 441 3552 *nebu
456 3504 567 3562 oerum
584 3493 615 3569 t)
630 3489 802 3566 impeditam
819 3506 884 3546 esse
909 3488 1054 3547 eiusmodi
1075 3489 1191 3548 dicendi

79 3589 248 3662 rationem,
263 3607 322 3666 qua
344 3590 467 3648 directio
491 3598 610 3649 notetur
631 3590 662 3647 in
681 3588 890 3664 cogitationem
907 3588 1133 3661 abstractivam3
1158 3599 1190 3648 et

80 3689 191 3768 quidni
204 3689 374 3766 expeditum
386 3689 536 3764 videatur,
554 3690 606 3750 ubi
622 3710 681 3750 non
693 3708 803 3748 meram
817 3687 1040 3764 cogitationem,
1060 3690 1111 3748 sed
1128 3698 1189 3750 eta·

79 3801 148 3852 tum
166 3791 347 3866 captivitatis
363 3789 526 3870 intelligere
544 3791 702 3852 debemus?
720 3824 756 3834 -
775 3789 891 3864 Quoia
909 3805 1016 3864 genere
1029 3809 1095 3849 cum
1108 3809 1189 3848 erra·

80 3899 153 3953 rent
168 3891 360 3968 interpretes,
384 3911 444 3969 quo
466 3892 584 3969 longius
606 3895 644 3952 ab
666 3893 774 3954 idoneo
790 3890 874 3949 verbi
898 3907 988 3950 sensu
1011 3892 1189 3963 recederent,

80 4012 118 4051 eo
138 3993 235 4068 magis
251 3993 418 4052 intricatam
436 4012 539 4054 versus
551 3994 781 4070 explicationem
795 3990 1037 4068 implicaverunt3
1055 3992 1191 4051 diversae

80 4093 169 4151 verbi
182 4095 352 4153 notationes
363 4095 443 4170 apud
455 4094 569 4154 Potum
581 4096 768 4171 reperiuntur
778 4094 928 4152 collectae.
942 4091 1092 4152 Vertimus
1103 4111 1188 4170 ergo:

82 4195 165 4252 Nam
189 4199 391 4253 reuertitur
415 4195 555 4254 Dominae
578 4198 621 4253 act
641 4198 722 4254 deae
739 4197 839 4254 Iacchi
856 4203 890 4252 ct.
919 4193 984 4252 Iam
1006 4214 1076 4253 vero
1100 4213 1189 4274 quae·

82 4295 210 4354 rendum
228 4306 289 4370 est,
321 4297 392 4374 quid
411 4295 450 4356 sit
469 4311 559 4370 :epm
581 4311 653 4374 pas.
697 4311 759 4372 pat
785 4318 812 4354 a.
831 4315 859 4352 v.
888 4312 960 4372 nter,
989 4314 1054 4356 sese
1076 4297 1189 4368 efferre,

82 4397 273 4472 magnificum
289 4418 369 4472 esse,
384 4397 531 4473 significat
544 4397 650 4470 decus,
666 4398 853 4474 superbiam,
869 4415 929 4454 non
940 4414 1023 4456 secus
1036 4416 1072 4456 ac
1089 4410 1189 4458 oreon
