2966 5090
410 279 436 354 ξ.
454 282 480 340 5.
507 277 557 338 Dr
575 294 672 340 araus
690 281 900 342 Assumoauu.
1133 303 1210 350 mr

100 461 323 541 prophetasad
340 461 481 520 Israelem
499 461 608 522 muros
626 479 710 535 esse,
733 472 825 542 atque
847 465 879 524 in
896 465 959 528 eius
976 467 1072 532 salute
1088 486 1207 548 eompa-

100 563 196 626 randa
213 562 345 622 officium
362 580 465 622 eorum
482 569 577 622 totum
594 562 724 636 versari,
743 572 834 642 atque
849 566 924 628 adeo
941 568 979 628 de
991 569 1139 632 reticiuiIs
1155 573 1208 632 ad·

100 683 205 726 rersus
220 663 396 740 peregrinas
414 671 517 739 gentes
533 662 668 738 prolatas
679 665 774 740 probe
787 667 927 728 statuisse
937 667 1123 744 maenius,
1141 691 1207 732 cum

100 765 224 824 diceret:
243 782 462 841 „quaeeunque
478 771 583 822 ronna
598 771 700 840 gentes
716 765 887 840 proferunt,
911 777 1086 846 eapropter
1102 771 1207 832 ludam

100 866 233 924 dieunt“
260 864 364 923 Primo
382 863 460 922 enim
476 863 562 936 loco,
586 881 652 922 cum
669 863 707 924 iis
723 866 787 924 fere
802 867 955 944 gentibus,
979 889 998 934 a
1016 870 1123 948 quibus
1139 891 1208 950 gra·

101 967 178 1025 viter
193 973 318 1042 propter
333 973 459 1040 peccata
476 981 531 1023 sua
547 965 749 1038 vexabantur,
767 984 900 1028 summae
917 967 1101 1033 calamitates
1118 981 1209 1050 atque

99 1066 241 1128 interitus
258 1064 507 1141 praedicerentur,
531 1063 672 1126 solatium
693 1065 763 1124 inde
780 1075 810 1125 et
825 1068 931 1130 salutIs
948 1071 1094 1134 certitudo
1111 1071 1207 1132 Israe-

99 1167 167 1227 litis
183 1165 372 1242 percipienda
386 1164 622 1241 proponebatur,
640 1184 695 1224 nec
711 1185 772 1226 non
789 1168 993 1232 misericordia
1009 1171 1056 1233 dei
1069 1181 1099 1229 et
1112 1173 1206 1232 omni·

101 1266 255 1343 potentia,
278 1266 325 1324 cui
340 1265 398 1326 soli
415 1265 594 1324 confiderent
610 1285 706 1342 neque
723 1267 761 1324 ab
778 1268 949 1332 hominibus
965 1279 1100 1346 peterent
1122 1274 1207 1333 auri-

99 1367 191 1439 lium;
212 1375 274 1425 tum
291 1383 362 1424 vero
384 1365 486 1444 gravis
503 1365 593 1424 etiem
610 1365 807 1428 exhibebatur
824 1371 1032 1448 commonitio,
1058 1380 1091 1430 ut
1108 1391 1207 1434 secum

99 1475 289 1543 reputarent,
320 1485 386 1526 cum
409 1474 493 1526 tanta
514 1465 663 1542 supplicia
684 1485 786 1526 eorum
816 1469 1020 1547 ingererentur
1049 1474 1207 1548 capitibus,

101 1568 154 1646 qui
171 1567 358 1626 offenderunt
370 1566 531 1625 Dominum
548 1566 600 1624 vix
618 1566 720 1644 aliqua
736 1569 794 1628 sibi
812 1569 963 1646 cognitum
981 1572 1102 1645 nebda,
1122 1575 1208 1651 quid-

100 1687 172 1728 nam
196 1668 270 1744 ipsis
293 1687 370 1745 quos
393 1685 479 1726 sacro
503 1666 560 1726 sibi
580 1667 697 1743 peculio
714 1668 843 1744 elegerat
861 1669 950 1742 deus,
974 1679 1004 1730 et
1027 1671 1135 1754 quibus
1153 1693 1207 1733 no·

101 1787 170 1828 men
194 1787 279 1828 suum
303 1766 540 1843 splendidissime
562 1766 700 1843 deinceps
722 1770 959 1845 cognoscendum
993 1779 1083 1852 atque
1112 1773 1207 1849 perei-

101 1868 242 1946 piendum
260 1869 454 1944 praebuerat,
473 1867 544 1945 quid
562 1865 620 1926 sibi
638 1868 785 1928 rideretur
803 1871 1035 1946 expectendum,
1054 1891 1119 1932 eum
1137 1893 1209 1951 gen·

102 1970 177 2032 tium
197 1969 328 2044 peccatis
352 1976 382 2026 et
403 1967 663 2045 superstitionibus
686 1968 863 2044 imperatam
886 1991 906 2029 a
934 1970 990 2032 deo
1020 1973 1207 2036 senonensem

102 2069 189 2136 foede
206 2069 448 2146 inquinassentl¹
465 2101 502 2112 -
519 2069 563 2126 At
579 2086 650 2126 vero
668 2069 813 2144 eiusmodi
829 2071 969 2131 vaticinia
990 2072 1081 2143 lellus
1104 2083 1207 2150 patere

101 2171 253 2242 ridentum
277 2187 331 2228 neo
347 2168 495 2246 permulta
512 2169 632 2228 oracula
648 2168 718 2241 illa,
736 2189 813 2248 quae
828 2171 960 2250 integras
976 2193 1086 2254 easque
1110 2175 1207 2234 maxi·

102 2289 169 2330 mas
184 2270 333 2329 interdum
348 2270 493 2328 librorum
510 2269 752 2345 propheticorum
768 2272 927 2333 conficiunt
936 2283 1055 2350 partes,¹
1068 2276 1207 2351 gentibus

103 2381 246 2450 tanquam
260 2370 352 2432 meris·
360 2369 505 2446 exemplis
518 2377 610 2446 atque
621 2369 823 2430 instrumentis
836 2381 973 2446 utuntur,
988 2375 1208 2450 quibusIudaei

102 2472 298 2531 educarentur
315 2469 489 2547 explicatis3
512 2489 614 2529 verum
631 2469 715 2546 ipsas
732 2489 851 2546 quoque
873 2471 997 2532 mirifica
1013 2474 1098 2540 verbi
1114 2474 1207 2532 divini

103 2571 153 2631 vis
166 2580 196 2630 et
209 2571 368 2632 efficacitas
380 2571 455 2647 petit
468 2578 558 2647 atque
568 2570 710 2645 percellit.
735 2569 896 2628 Intereedit
908 2571 986 2628 enim
1003 2581 1105 2635 mutua
1116 2592 1207 2648 quae-

103 2673 176 2730 dam
201 2671 370 2732 vicissitudo
396 2671 475 2730 inter
498 2670 621 2730 electum
644 2669 692 2728 dei
716 2668 860 2744 populum
884 2678 913 2729 et
941 2670 1074 2746 reliquas
1102 2680 1207 2749 gentes

102 2789 220 2843 omnem
242 2773 358 2850 generis
381 2771 502 2830 humani
524 2788 631 2832 caussa
653 2769 749 2830 Israel
770 2768 863 2828 electa
886 2777 949 2843 est,
979 2780 1082 2847 gentes
1107 2781 1207 2834 autem

102 2873 134 2930 in
152 2871 306 2931 educanda
321 2871 433 2932 Israele
449 2889 505 2946 pro
523 2888 578 2930 suo
595 2869 717 2928 modulo
734 2879 910 2945 cooperant3
928 2870 995 2929 ideo
1008 2873 1093 2934 sedes
1105 2891 1208 2932 earum

102 2973 264 3032 seeundum
287 2972 494 3048 praestitutam
510 2969 630 3030 Israelis
653 2970 798 3028 rationem
820 2983 839 3028 a
861 2969 917 3030 deo
935 2971 1207 3046 distribuamus,

101 3073 192 3131 Deut.
210 3073 353 3145 XXXII,
371 3076 396 3130 8.
426 3072 494 3128 Act.
512 3069 618 3143 XVII,
637 3075 680 3128 26.
698 3075 747 3143 27,
774 3078 868 3130 atres
885 3091 986 3132 earum
1003 3073 1126 3151 lataque
1143 3075 1207 3132 uni-

102 3192 191 3234 versa
208 3181 289 3236 certa
307 3173 434 3249 quadam
459 3190 525 3229 cum
550 3188 636 3229 sacro
659 3170 788 3229 foederis
810 3173 924 3248 populo
948 3174 1134 3237 continentur
1157 3194 1207 3233 ne-

102 3274 242 3334 cessitate
265 3281 355 3350 etque
377 3271 537 3334 secundum
558 3289 624 3330 eum
646 3271 849 3348 gubernantur
865 3271 1032 3346 modulum,
1057 3291 1118 3350 quo
1136 3291 1207 3350 erga

100 3374 243 3434 Israelem
266 3392 332 3434 sese
356 3371 502 3451 gesserint
527 3379 556 3430 et
580 3371 775 3448 statutasibi
801 3390 922 3431 munere
939 3373 1071 3434 exsecuti
1088 3372 1208 3434 fuerint.

101 3475 157 3534 afr.
176 3471 263 3534 Saoh.
276 3473 307 3546 I,
325 3476 366 3532 15.
389 3473 473 3548 Ergo
491 3489 527 3530 ee
544 3488 664 3547 quoque
681 3469 885 3530 vaticiniorum
903 3471 940 3530 de
956 3473 1120 3549 peregrinis
1136 3490 1208 3549 gen·

101 3575 184 3634 tibus
202 3575 349 3633 editorum
366 3572 495 3650 dignitas
513 3580 573 3644 est,
597 3571 678 3648 quod
699 3589 756 3646 pro
778 3570 956 3630 testimoniis
980 3571 1117 3632 habende
1139 3581 1209 3632 sunt

101 3683 194 3753 atque
212 3674 365 3734 sententiis
383 3673 487 3732 edictis
505 3673 542 3730 ab
561 3689 611 3744 eo,
631 3671 682 3748 qui
697 3671 869 3729 Abrahamo
888 3670 958 3728 olim
977 3679 1007 3729 et
1023 3673 1128 3731 semini
1145 3673 1209 3733 eius

100 3774 255 3854 promisit:
274 3774 468 3849 „benedicam
485 3773 537 3845 iis,
555 3771 607 3850 qui
625 3771 679 3830 tibi
696 3770 917 3845 benedixerint,
936 3779 965 3830 et
982 3771 1033 3850 qui
1050 3772 1104 3831 tibi
1118 3774 1209 3832 male·

99 3876 249 3949 dixerint,
272 3875 311 3934 iis
328 3874 524 3934 maledicam“
548 3871 625 3932 Gen.
643 3871 722 3944 XII,
740 3875 775 3944 3,
798 3872 956 3953 declaratis
978 3872 1008 3930 in
1033 3874 1130 3934 medio
1155 3873 1209 3933 illo

100 3976 185 4036 orbis
202 3985 349 4034 terrarum
365 3976 449 4046 loco,
476 3992 536 4050 quo
554 3971 709 4031 universae
726 3973 841 4048 generis
864 3973 985 4033 humani
1007 3992 1055 4034 res
1078 3974 1210 4050 undique

100 4095 204 4137 omnes
223 4083 383 4154 eoguntur,
408 4083 558 4152 postremo
577 4071 737 4132 enuntiatis
755 4073 794 4131 ab
812 4073 874 4134 eius
891 4073 995 4150 populi
1013 4073 1153 4148 ducibus,
1171 4072 1210 4132 ad
1284 4153 1297 4166 .

156 4305 181 4366 1)
199 4303 254 4355 Otr.
272 4303 400 4354 Haerere.
418 4300 538 4372 Christol.
556 4300 614 4363 111,
631 4313 657 4362 p.
671 4300 729 4350 199.
