2918 5098
535 288 608 352 Cae.
621 289 655 362 Ι,
672 309 701 350 v.
717 293 758 350 13.
1154 285 1200 358 39

89 479 160 549 lart;
191 475 244 554 qui
266 475 306 534 ad
323 473 470 552 Assyrios
496 474 626 533 referunt
643 475 778 548 Auara,
804 472 921 548 Geor„
944 474 1103 547 emens„
1121 475 1201 550 Eva,

89 578 201 649 Ilua,
219 574 326 637 iIsdem
351 573 542 634 offenduntur
565 574 790 636 difficultatibus
816 594 853 634 ac
869 595 897 634 v.
912 575 967 634 ab.
1010 573 1200 650 Conceditur,

87 678 217 737 Iudaeos
234 677 364 736 afflictos
382 695 402 734 a
419 675 474 734 deo
492 693 545 750 per
556 675 702 752 Assyrios
720 694 785 736 esse
791 695 801 750 3
818 675 1003 752 promittitur
1014 695 1096 750 vero,
1115 695 1199 736 num-

88 797 178 856 quam
197 779 236 837 ab
254 775 359 837 iisdem
377 795 429 836 eos
445 783 587 838 vexatum
603 775 657 848 iri3
684 795 764 849 „non
788 778 869 854 quod
892 783 1067 854 perpetuam
1090 779 1200 838 securi·

89 888 180 943 tatem
197 878 391 955 polliceatur,
415 877 467 936 sed
489 876 569 937 illius
592 883 706 936 tautum
730 878 894 954 temporis,
919 887 949 936 et
971 877 1010 936 ab
1027 877 1088 938 IIIIs
1105 879 1199 938 hosti-

88 981 159 1052 bus,
190 998 211 1038 a
239 977 348 1057 quibus
374 985 436 1039 tum
463 977 718 1050 obsidebantnr;“
749 977 887 1038 Hrnnorv.
928 977 1083 1038 Habemus
1107 978 1200 1056 igitur

87 1080 214 1140 eandem
238 1080 300 1140 fere
324 1077 500 1138 sententiam
524 1097 560 1138 ac
576 1099 605 1137 v.
619 1082 650 1150 9,
675 1079 827 1140 defensam
850 1079 1071 1158 quodammodo
1093 1079 1198 1152 abiis,

85 1181 140 1259 qui
158 1181 198 1239 ob
214 1179 365 1257 ingentem
381 1178 512 1239 hostium
529 1179 694 1255 potentiam
711 1197 863 1260 suamque
873 1180 1045 1242 tenuitatem
1061 1179 1199 1241 dubitare

85 1281 124 1340 de
142 1280 249 1340 salutis
266 1279 441 1340 certitudine
457 1288 645 1340 conarentur.

135 1381 252 1442 Errare
279 1381 371 1458 igitur
399 1379 549 1453 videmus,
581 1380 633 1460 qui
666 1389 762 1442 toturn
790 1399 908 1442 versum
938 1382 987 1442 rel
1016 1381 1053 1440 de
1078 1380 1198 1442 Iudaeis

83 1482 199 1543 dictum
212 1500 277 1542 esse
290 1480 437 1557 (Scnmn.
448 1480 513 1560 all.)
526 1481 573 1541 vol
590 1481 626 1540 de
633 1481 770 1560 Assyriis
784 1481 878 1558 (Eva,
890 1481 981 1540 Hrrz.
990 1480 1056 1558 all.)
1074 1489 1197 1542 conten·

83 1583 176 1654 ‹Inut3
200 1583 254 1642 sed
270 1582 398 1658 primum
415 1583 578 1640 membrum
601 1583 638 1640 de
655 1582 719 1655 his,
745 1583 783 1641 (le
798 1581 860 1642 illis
883 1582 1009 1641 alterum
1026 1581 1125 1641 valere
1141 1600 1195 1657 ap-

80 1691 182 1760 paret.
200 1717 238 1728 —
272 1683 433 1744 Versionee
450 1691 566 1744 veteres
587 1683 661 1744 satis
686 1683 841 1744 contusum
858 1682 1051 1742 reddiderunt
1067 1699 1195 1742 sensum.

81 1784 194 1844 LXXr
233 1771 313 1844 τάδε
341 1776 431 1864 λέγει
458 1774 573 1864 κύριος
600 1770 771 1865 κατάρχων
796 1769 927 1844 ὑδάτων
955 1769 1106 1842 πάλλων·
1139 1777 1198 1840 καὶ

82 1874 194 1956 οὕτως
215 1868 511 1962 ierarchicorum,
535 1877 592 1942 καὶ
613 1872 632 1965 ἡ
655 1871 741 1966 ἀκοή
757 1900 819 1947 σου
833 1869 894 1944 οὐκ
908 1868 1198 1962 ἑνακουσθὴσεται

83 1973 148 2046 ἔτι.
192 1979 276 2060 Syra
311 1981 377 2055 „sic
391 1981 525 2061 loquitur
541 1982 690 2046 Dominus
707 1985 745 2044 de
760 1985 909 2062 capitibus
926 2002 1072 2061 aquarum
1088 1981 1194 2040 multa-

83 2105 152 2144 rum
169 2071 277 2187 (linge
295 2073 359 2154 lm
377 2097 463 2144 aaut
483 2074 577 2162 bs),
600 2105 678 2163 qnae
693 2094 858 2162 rapuerunt
875 2095 904 2144 et
920 2085 1041 2162 elapsae
1058 2092 1141 2144 sunt:
1165 2095 1195 2142 et

82 2185 137 2264 qui
154 2195 185 2244 te
202 2183 358 2258 exaudivi,
376 2204 475 2246 nonne
490 2186 597 2245 iterrun
615 2195 645 2248 te
661 2187 870 2248 exaudiam?“
896 2185 962 2264 qui,
980 2193 1014 2244 ut
1031 2185 1068 2244 de
1085 2184 1194 2244 mIeera

81 2287 240 2346 literarum
261 2283 442 2347 laceratione
471 2295 583 2348 taceam
611 2286 643 2346 iu
664 2288 764 2364 primo
789 2287 922 2348 membro
950 2285 1126 2359 commissa,
1157 2305 1193 2346 eo

81 2387 244 2464 praecipue
260 2396 471 2462 peccaverunt,
491 2388 571 2466 quod
589 2388 713 2448 alteram
731 2389 815 2448 verbi
833 2403 896 2456 nep
911 2394 1091 2463 potestatem
1107 2406 1193 2462 prae-

83 2489 234 2559 tulerunt,
257 2489 456 2563 respondendi
479 2489 609 2566 inquam.
644 2488 807 2548 Iorvarusu
824 2488 871 2559 id,
897 2488 978 2564 quod
995 2485 1129 2546 vaticinii
1145 2507 1193 2545 ra-

82 2588 160 2649 tioni
177 2587 267 2646 latius
284 2589 398 2663 patenti
422 2589 586 2649 subiectum
610 2595 672 2662 est,
696 2588 772 2665 ipsis
790 2587 891 2648 verbis
916 2586 1035 2660 intulit,
1059 2605 1125 2646 cum
1150 2587 1194 2646 sic

82 2688 251 2751 exhiberet:
275 2689 386 2752 'aaron
407 2705 579 2756 sorriana:
602 2702 709 2766 pisinni
732 2701 833 2752 aur:
853 2683 956 2751 nucea
977 2701 1035 2764 pm
1055 2701 1098 2748 na
1116 2689 1194 2760 „etsi

81 2787 195 2852 fuerint
211 2787 336 2864 perfecti
352 2788 476 2848 consilio
494 2797 524 2847 et
540 2789 650 2857 multae
667 2789 757 2849 etiam
773 2809 896 2850 numero
914 2797 1018 2868 gentes
1035 2807 1112 2868 quae
1125 2807 1193 2848 cou-

83 2897 248 2970 gregantnr
263 2897 298 2948 nt
313 2897 440 2966 urgeant
455 2889 690 2967 Hlarosolyura“
709 2879 764 2952 etc.

592 3162 621 3201 v.
641 3143 681 3200 13.

134 3293 196 3354 San
218 3309 292 3350 acac
309 3292 449 3366 franpam
464 3301 567 3350 nectem
590 3296 649 3354 eiua
670 3293 720 3351 aba
738 3302 777 3363 ta,
800 3303 828 3352 et
844 3295 957 3353 veona
981 3297 1040 3352 aira
1056 3311 1195 3367 rumpam,

81 3396 223 3454 Alterum
239 3412 268 3454 v.
283 3392 346 3452 12ιιὶι
359 3393 524 3452 membrum
540 3392 660 3471 longius
676 3393 736 3452 iam
754 3394 922 3469 exponitur.
944 3410 957 3484 p
974 3391 1196 3453 adversativum

82 3493 248 3572 opponitur
272 3492 423 3572 regelloui
442 3495 471 3554 'rt
493 3487 543 3556 ab.
578 3508 659 3556 num
683 3493 838 3554 confestim
866 3502 1009 3554 eventura
1037 3491 1195 3569 significat,

82 3615 163 3675 quae
180 3593 397 3670 praedicentur.
430 3608 492 3658 nic
513 3612 542 3655 a.
556 3611 584 3650 v.
614 3607 675 3658 mn
690 3593 845 3666 vacillare,
864 3592 1085 3654 vacillationem
1101 3601 1196 3669 notat

83 3695 193 3756 deinde
209 3703 323 3756 vectem
339 3693 431 3754 Num.
445 3693 539 3766 XIII,
558 3695 592 3750 23
609 3699 639 3750 et
654 3701 767 3754 vectem
784 3693 863 3770 iugi,
882 3693 994 3772 quippe
1011 3693 1063 3770 qui
1079 3693 1198 3752 vacillet

82 3795 289 3856 incedentibus
314 3795 458 3866 bovibus,
487 3792 564 3852 alias
593 3792 655 3852 fere
676 3809 776 3868 nutu,
807 3803 859 3855 ant
889 3794 1006 3854 adiecto
1032 3793 1110 3880 Vll
1123 3792 1196 3852 Lev.

82 3895 213 3967 XXVI,
232 3900 281 3967 133
305 3895 412 3956 Erech.
427 3893 577 3966 XXXIV,
595 3897 638 3966 27,
664 3903 716 3953 aut
743 3896 854 3956 omisso
877 3896 982 3956 Ierem.
996 3893 1138 3966 XXVII,
1163 3897 1196 3966 25

84 3996 242 4068 XXVIII,
263 3999 304 4054 10.
325 4001 373 4068 123
391 3995 534 4054 translate
552 3994 659 4053 dicitur
675 3994 770 4056 Levit.
780 3997 899 4069 XXVI,
919 4001 966 4055 13:
986 3995 1082 4072 „fregi
1100 4001 1198 4054 vectes

83 4096 148 4173 iugi
166 4097 256 4155 vestri
275 4104 304 4154 et
321 4097 394 4169 ieci,
419 4103 451 4154 ut
478 4095 566 4154 erecti
585 4095 794 4170 incederetis,“
822 4117 909 4174 quem
932 4098 1029 4156 locum
1052 4116 1090 4154 ex
1113 4103 1199 4172 parte

84 4196 225 4256 recitavit
241 4197 379 4256 Ezechiel
398 4215 422 4254 c.
437 4195 585 4268 XXXIV,
603 4200 646 4254 27.
682 4191 777 4271 etro
798 4199 836 4256 ad
853 4197 984 4257 literam:
1010 4217 1029 4256 a
1046 4217 1135 4274 super
1158 4205 1197 4269 te,

85 4297 129 4357 ita
150 4297 257 4356 utiam
275 4317 334 4356 non
352 4306 469 4374 premat
487 4305 531 4370 te,
559 4296 646 4357 sicuti
671 4299 868 4358 accuratiores
893 4299 923 4356 in
942 4298 999 4357 hoc
1015 4317 1122 4375 genere
1137 4297 1198 4356 IIe-
