2966 5090
270 226 349 350 'lo
719 277 793 340 Cra
806 279 837 350 1,
855 283 977 337 aa-e.

293 465 416 543 persenti
432 473 462 524 et
478 462 609 524 absoluti
625 462 708 522 notio
726 469 828 539 aperte
849 461 935 535 insit,
960 462 1047 536 longe
1070 467 1166 518 tamen
1182 461 1277 520 abest
1293 463 1331 522 ab
1349 483 1395 534 eo,

293 576 326 626 nt
343 565 381 626 S.'
394 564 553 624 Trinitatis
570 563 711 640 cogitatio
735 565 858 624 subesse
875 562 1025 631 videatur«,
1050 560 1218 641 ubieunque
1238 561 1317 626 idem
1335 584 1398 622 ver-

292 670 364 728 bum
380 675 426 726 ter
442 666 600 743 repetitum
617 672 670 724 est.
697 664 831 724 Pertinet
846 672 944 724 autem
961 663 1036 722 ultio
1054 661 1101 722 dei
1118 663 1156 720 ad
1173 662 1311 730 inimicos
1326 665 1398 737 eius,

292 787 418 847 quorum
440 785 563 828 numero
587 765 791 840 comprehensi
821 765 909 824 etiam
931 783 1034 826 sacrae
1064 763 1159 839 gentis
1185 763 1288 853 hostes
1315 775 1398 838 sunt3

291 889 361 928 nam
377 869 580 937 Israelitarum
595 866 760 926 adversarii
783 866 872 926 iidem
895 874 966 926 sunt
982 863 1110 935 domini3
1134 864 1186 924 ofr.
1204 865 1263 923 Ex.
1277 865 1397 940 XXHI,
1457 867 1458 934 ,

291 975 334 1029 22.
368 969 506 1046 Denique
523 975 662 1044 quartum
678 968 858 1039 membrum,
883 965 978 1025 tribus
996 964 1082 1042 quasi
1105 965 1278 1040 respondetr
1309 982 1397 1030 'rum

291 1065 317 1133 'S
338 1085 406 1135 ain.
450 1083 509 1128 nnn
526 1067 689 1140 custodire,
709 1087 832 1127 servare
850 1066 936 1126 Cant.
949 1066 981 1139 Ι,
998 1069 1031 1137 83
1054 1065 1152 1139 vm,
1165 1070 1206 1124 11.
1226 1071 1273 1140 12,
1296 1085 1396 1144 quem·
1457 1073 1458 1160 l

291 1168 450 1228 admodum
472 1183 542 1227 unm
562 1169 617 1227 Iob
630 1168 677 1240 X,
695 1173 744 1240 143
769 1169 874 1228 lerem.
887 1165 950 1240 111,
967 1169 1000 1239 5,
1023 1165 1198 1244 plerumque
1221 1167 1258 1226 de
1280 1175 1397 1226 servata

291 1268 465 1328 offensionis
482 1269 625 1344 memoria
639 1276 673 1326 et
688 1267 735 1329 ira
751 1269 873 1342 dieitur,
891 1267 943 1328 Ps.
958 1266 1047 1340 CIII,
1066 1272 1099 1340 93
1116 1268 1221 1326 Ierem.
1234 1268 1295 1341 HI,
1313 1271 1343 1326 5.
1355 1273 1395 1340 12,

290 1369 424 1430 similiter
445 1369 634 1428 ooninnotum
657 1388 723 1427 oum
744 1383 802 1444 nor
823 1369 895 1428 Lev.
910 1368 1005 1441 XIX,
1030 1371 1071 1426 18.
1101 1369 1290 1431 nonnanes:
1315 1370 1397 1440 „und

290 1471 342 1530 der
357 1490 389 1530 es
407 1470 508 1530 seinen
520 1470 652 1530 Feinden
670 1470 751 1528 nioht
768 1489 926 1548 vergessen
944 1469 1052 1530 wird.“
1071 1468 1258 1529 ‘Onnvmuse
1284 1470 1394 1546 „signi-

288 1574 358 1632 fieat
379 1573 466 1632 deum
488 1589 644 1648 perperam
666 1571 818 1630 aestimari
843 1591 882 1632 ex
909 1570 1089 1643 oessadone,
1115 1589 1175 1630 non
1199 1571 1275 1628 enim
1298 1578 1397 1646 torpet

288 1693 384 1751 neque
401 1680 570 1746 cunctatur,
588 1671 642 1732 sed
658 1672 734 1730 iram
750 1678 863 1732 tenet.“
898 1671 989 1730 LXX
1010 1663 1168 1752 ἐξαίρων,
1197 1679 1227 1730 et
1247 1671 1397 1730 Arabicae

288 1773 492 1834 translationis
509 1781 626 1833 auotorr
650 1768 735 1833 etna!
760 1781 823 1874 ὅ),
833 1778 895 1858 39>
918 1784 947 1832 et
963 1773 1029 1850 ipse
1045 1772 1130 1834 tollet
1145 1773 1248 1832 hostes
1271 1791 1343 1832 suos
1361 1805 1396 1814 -

288 1875 550 1952 legissevidentur
570 1868 644 1939 inan
665 1891 720 1949 pro
738 1878 821 1934 nuit.
1131 1881 1134 1886 ’

791 2146 819 2186 v.
838 2131 889 2187 3a.

338 2277 478 2338 Dominus
496 2277 594 2336 tardus
610 2276 759 2356 (quidem)
776 2278 817 2336 od
835 2281 924 2348 iram,
945 2278 995 2335 aed
1010 2295 1126 2354 moyam
1148 2277 1326 2349 eetrobore,
1347 2297 1396 2337 neo

287 2381 421 2438 insontem
443 2379 651 2458 (quemquam)
674 2360 808 2438 atara.
850 2377 940 2452 Oum,
966 2378 1016 2457 qui
1039 2387 1119 2438 tenet
1144 2398 1243 2438 secum
1266 2380 1344 2444 iram
1367 2389 1394 2438 et

286 2479 387 2542 differt
403 2481 561 2556 ultionem,
585 2481 689 2540 tollere
706 2500 770 2540 eam
789 2479 909 2540 omnino
932 2480 1081 2553 videatur,
1105 2501 1143 2539 ne
1159 2481 1219 2538 tale
1236 2479 1309 2558 quid
1326 2499 1393 2556 peo-
1457 2501 1458 2560 1

285 2591 402 2644 natores
424 2583 461 2642 de
486 2584 542 2642 deo
564 2601 679 2642 summo
700 2581 877 2658 opinentur,
901 2581 1036 2641 eoncedit
1058 2582 1176 2659 quidem
1198 2580 1321 2658 longum
1347 2581 1393 2640 dei
1457 2579 1458 2614 ³

286 2683 415 2743 animum
433 2693 463 2742 et
478 2683 668 2760 patientiam„
692 2691 724 2741 at
740 2683 922 2742 tremendam
939 2683 1001 2742 eius
1024 2683 1173 2759 energiam
1191 2682 1283 2740 simul.
1295 2682 1391 2754 docet,
1457 2761 1458 2766 η

285 2793 315 2842 et
336 2785 494 2856 iustitiam,
523 2802 584 2862 qna
605 2782 751 2842 neminem
773 2800 829 2858 pro
851 2782 971 2840 insonte
992 2783 1095 2854 habet,
1124 2783 1182 2842 nisi
1204 2782 1256 2860 qni
1278 2801 1391 2858 poenas

283 2885 462 2958 promeritas
479 2884 574 2941 luerit.
586 2864 589 2868 ⁴
603 2899 664 2970 lii-³,-
681 2899 737 2956 pro
758 2897 821 2968 Ul}
843 2881 953 2938 dietum
971 2882 1024 2940 eir.
1045 2879 1163 2942 Gasima
1181 2883 1288 2960 Lehrg.
1301 2883 1391 2960 §133,

284 2987 317 3054 23
340 2997 415 3043 mon
432 2983 529 3042 dualis
546 2981 630 3040 verbi
655 2980 769 3056 speeies
791 2979 847 3054 per
863 2979 1141 3044 similitudinemab
1165 2992 1292 3062 utroque
1313 3004 1390 3044 uaso
1457 2989 1458 3002 ¹

283 3081 386 3145 inflato
408 3082 553 3142 translata
574 3080 651 3140 iram
673 3080 831 3157 signifieat.
864 3081 1037 3154 Delibatum
1061 3092 1106 3144 est
1127 3085 1184 3144 hoe
1199 3085 1318 3144 dicendi
1340 3104 1390 3163 ge-

282 3199 354 3255 nus,
384 3183 464 3260 quod
494 3182 589 3258 probe
618 3181 746 3241 reddidit
773 3182 869 3240 Oltam
901 3203 946 3246 ur
977 3199 1089 3261 panon,
1120 3206 1138 3244 e
1165 3186 1264 3246 verbis
1288 3187 1389 3246 Exod.

282 3283 431 3358 xxxiv,
450 3287 479 3342 6:
516 3283 686 3356 „Dominus
703 3283 787 3343 Deus
804 3283 972 3345 misericors
995 3293 1026 3344 et
1049 3286 1175 3346 alemans
1198 3295 1259 3360 est,
1284 3287 1389 3365 longa-

282 3385 370 3444 nimis
387 3392 417 3443 et
433 3384 636 3445 miserioordia
651 3385 767 3464 pollens
790 3394 820 3444 et
837 3387 1001 3460 veritate,“
1026 3407 1102 3464 quae
1119 3388 1243 3447 recitata
1265 3388 1328 3448 fere
1350 3390 1390 3448 ad

281 3485 403 3544 verbum
430 3494 500 3546 sunt
521 3485 613 3547 Num.
628 3486 715 3560 XIV,
735 3489 782 3558 173
812 3487 936 3561 100111,
961 3492 1007 3560 133
1038 3488 1162 3548 Nehem.
1177 3488 1239 3562 IX,
1254 3490 1306 3562 .17;
1332 3490 1388 3550 Ps.

280 3585 462 3662 LXXXVI,
488 3592 534 3662 153
558 3588 645 3661 0111,
669 3592 686 3646 8
694 3609 702 3660 3
726 3587 849 3662 CXLV,
873 3593 904 3662 8,
929 3597 959 3654 et
980 3589 1096 3649 reddita
1117 3589 1219 3668 aliqua
1240 3609 1279 3648 ex
1302 3600 1390 3668 perte

280 3687 590 3764 Ps.Lxxv111,‹3s;
609 3688 664 3763 01,
681 3694 714 3762 43
732 3690 785 3749 sed
798 3709 857 3748 non
869 3708 940 3767 erga
951 3692 1019 3767 pios
1037 3691 1147 3764 solnm,
1168 3709 1270 3749 verum
1284 3711 1389 3752 omnes

279 3789 368 3850 etiam
392 3791 525 3850 homines
542 3791 666 3867 longum
682 3791 735 3850 dei·
746 3791 876 3850 animum
899 3810 967 3850 esse
988 3792 1074 3851 donet
1095 3791 1186 3852 Ionas
1203 3791 1258 3865 IV,
1274 3795 1309 3867 2,
1336 3793 1389 3871 qui

279 3899 381 3950 notum
412 3892 469 3950 hoo
490 3891 548 3950 sibi
568 3892 758 3964 iamdudum,
784 3908 862 3951 nuno
884 3891 980 3950 denuo
1003 3893 1186 3952 intellexisse
1207 3892 1296 3966 dicit,
1320 3913 1388 3954 eum

278 3991 351 4050 deus
374 3991 412 4049 ad
434 3991 584 4050 interitum
603 3993 739 4070 Assyriis
762 3992 996 4051 annuntiandum
1020 3994 1145 4070 primum
1174 4013 1239 4058 sese
1256 3994 1388 4055 misisset

278 4090 406 4162 Ninum,
431 4099 584 4167 praestata
600 4100 698 4152 autem
715 4093 912 4170 poenitentia,
938 4097 1124 4153 denotaretur
1141 4095 1298 4154 immittere
1314 4116 1387 4174 poe-

278 4209 362 4263 nam,
388 4210 415 4248 ν.
435 4196 475 4250 10.
504 4195 543 4250 11.
585 4193 687 4270 Quare
712 4213 777 4254 eum
807 4194 914 4272 longus
938 4194 985 4254 dei
1015 4195 1131 4256 animus
1161 4195 1211 4255 diu
1233 4197 1387 4257 retardato

277 4290 471 4368 Assyriorum
488 4292 609 4354 interitu
626 4295 734 4380 eximie
758 4295 846 4356 fuerit
868 4296 1028 4372 probatus,
1055 4297 1094 4358 ad
1111 4299 1202 4358 Ionae
1226 4299 1317 4362 verba
1339 4320 1387 4358 re·
