2918 5098
507 308 580 369 Car.
593 309 657 386 ΠΙ,
675 329 703 369 v.
719 316 745 370 9.
1039 395 1041 400 ,
1109 307 1180 380 105

74 497 220 560 mistimc.
246 496 276 559 'rr
296 508 419 583 02²?st
437 498 513 553 mort
536 513 634 554 meno
656 499 734 568 ceter
760 507 842 559 uhtu
873 513 975 556 murus
1004 497 1181 575 principalis

74 608 132 674 est,
150 599 203 658 cfr.
222 595 341 656 Gusnn.
361 596 453 670 thee,
471 595 599 656 Wrnunr
615 597 694 655 RW.
713 596 744 670 Ι,
762 612 792 672 p.
802 600 864 658 317.
885 595 1067 657 Sententiam
1084 599 1180 675 probe

6 705 7 708 ’
73 699 291 776 descripserunt
302 695 422 769 Unum,
440 697 564 770 lirun,
582 697 689 756 Hrrz.:
708 697 790 758 euius
805 715 907 757 murus
920 698 995 758 mari
1008 700 1181 772 conficitur3

6 869 7 872 Ἴ
73 801 241 860 Bocmaro
259 805 357 856 antem
374 805 404 856 et
419 799 533 871 Mrem,
559 799 611 876 qui
636 799 758 858 rubrum
776 807 806 857 et
821 799 1068 858 mediterraneum
1086 820 1178 874 marc,

6 943 7 948 κ
73 903 244 978 Aegyptum
274 898 422 974 cingentia
449 899 677 973 intellexerunt,
705 908 847 978 sequente
873 900 1032 960 Ewnnno:
1067 903 1179 975 „deren

72 1003 173 1060 Mauer
190 999 383 1060 Schutzwehr
404 1019 469 1058 war
486 1017 545 1058 von
563 999 644 1059 Mser
667 1021 704 1058 zu
717 1001 840 1074 Mecr,“
867 1001 969 1060 obstet
990 1011 1109 1078 praeter
1132 1023 1180 1063 ce-

6 1093 7 1148 )
71 1113 149 1175 tera,
178 1101 260 1178 quod
283 1118 344 1158 non
365 1100 404 1160 de
426 1108 540 1173 terras,
568 1101 621 1160 sed
644 1101 727 1162 urbis
750 1101 850 1180 agitur
873 1103 1123 1180 propugnaculis,
1152 1113 1182 1163 et

6 1265 7 1280 ,
72 1203 150 1280 quod
167 1201 289 1280 longius
305 1201 488 1261 retardatum
505 1202 545 1261 ed
560 1203 649 1262 finem
668 1221 764 1282 usque
780 1211 860 1264 esset
876 1218 991 1270 uentu.

595 1475 624 1514 v.
642 1459 668 1512 9.

119 1605 274 1682 Aesopia
286 1604 462 1680 proredium
479 1613 520 1662 eat
537 1612 565 1662 et
581 1603 739 1680 Aepyptcc,
755 1605 880 1680 confinia
892 1613 951 1673 eat,·
969 1605 1033 1664 Pet
1044 1615 1073 1662 et
1084 1605 1181 1682 Libya

69 1717 136 1767 aaut
150 1711 182 1765 ie
199 1707 305 1764 auehe
323 1714 378 1764 too.
400 1705 435 1764 ln
459 1705 665 1764 enumerandis
688 1703 841 1780 gentibus,
867 1705 977 1782 quibus
1003 1705 1180 1782 magnitudo

70 1818 100 1868 et
116 1807 253 1886 potentia
268 1821 375 1883 regum·
384 1806 594 1865 Thebanorum
612 1804 780 1878 coniicitur,
799 1825 864 1866 eam
882 1813 967 1867 vates
983 1805 1115 1866 instituit
1131 1826 1179 1864 ra-

69 1911 198 1982 tionem,
223 1917 256 1966 ut
272 1928 292 1967 a
308 1906 431 1966 meridie
445 1907 598 1984 proiectus
614 1905 679 1966 Nili
697 1906 852 1966 decursum
870 1915 990 1968 secutus
1005 1907 1044 1965 ad
1062 1915 1180 1982 septen-

70 2012 197 2070 trionem
213 2008 437 2086 progrediatur,
461 2007 531 2066 dein
553 2008 592 2068 ad
610 2007 792 2068 occidentem
809 2009 954 2070 deflectat.
994 2015 1078 2081 utta,
1102 2006 1180 2067 Gen.

69 2113 117 2185 X,
135 2117 161 2170 6.
188 2110 297 2170 Chemi
318 2109 412 2168 filium
429 2118 502 2170 natu
518 2110 699 2182 maximum,
719 2109 824 2168 deinde
840 2109 1026 2186 populosab
1044 2127 1081 2166 ec
1099 2109 1182 2186 geni-

70 2225 118 2272 tos
144 2211 295 2288 designat,
321 2209 397 2270 aliae
420 2209 509 2268 etiam
537 2218 611 2286 tntum
634 2209 819 2286 appellatos,
843 2209 1003 2284 Hanni,
1027 2214 1043 2267 7
1055 2209 1079 2283 ¹,
1104 2228 1183 2287 quos

6 2325 7 2380 ξ
71 2313 182 2374 Graeci
199 2312 380 2388 Aethiopum
398 2311 518 2370 nomine
540 2311 820 2387 complectebantur.
847 2309 1066 2372 Sedeseorum
1088 2309 1185 2372 latius

72 2415 192 2492 quidem
215 2415 376 2490 patebant3
400 2412 595 2489 nequeenim
621 2412 744 2470 Africae
766 2419 882 2486 partem
907 2413 1048 2470 tenebant
1074 2413 1181 2486 solam,

6 2561 7 2564 η
71 2518 108 2575 ab
118 2518 262 2592 Aegypto
279 2513 431 2572 meridiem
448 2532 552 2573 versus
569 2519 757 2589 vergentem,
775 2511 819 2570 uti
836 2511 939 2570 docuit
947 2509 1180 2586 Scuutrunssh

71 2617 250 2678 assentiente
268 2614 503 2674 Gusnruothee.
521 2633 548 2672 a.
567 2634 612 2685 v.,
629 2631 684 2672 nec
699 2612 846 2672 Arabiam
864 2619 994 2685 tautum,
1014 2611 1058 2670 uti
1075 2612 1181 2672 existi·

70 2718 164 2778 mavit
180 2713 404 2787 Bocnanuus⁸,
427 2716 481 2774 sed
503 2715 638 2792 regiones
662 2721 805 2790 utraeque
822 2714 982 2774 secuudum
1005 2721 1181 2790 argumenta

73 2821 130 2879 cI.
150 2819 191 2878 D.
208 2814 397 2876 hirenaeus*
422 2816 575 2893 exposita3
600 2834 661 2893 quo
679 2815 771 2888 adde,
797 2816 878 2894 quod
896 2835 912 2874 e
929 2814 1184 2891 disputationibus

71 2915 362 2981 Rosuuuunnuum⁵
386 2926 416 2976 et
432 2916 609 2977 Kuoannr1⁶
632 2923 773 2993 apparet,
798 2935 852 2992 per
875 2934 978 2976 omues
1002 2916 1064 2973 fere
1089 2915 1183 2974 Asiae

71 3023 178 3099 plagas
196 3019 404 3079 meridion'ales
422 3017 755 3079 Ouachitasiucoluisse
777 3018 939 3094 dispersos.
968 3017 1019 3075 Ad
1044 3024 1180 3076 nostrum

72 3132 172 3183 autem
189 3122 287 3180 locum
304 3120 444 3196 propride
460 3121 666 3179 tantummodo
686 3120 773 3180 sedes
789 3139 891 3178 eorum
909 3119 1072 3195 pertinent,
1100 3119 1185 3177 Afri-

72 3245 164 3284 canae
176 3223 268 3297 illac,
276 3221 328 3280 ubi
340 3221 488 3299 hodieque
500 3239 572 3298 gens
586 3222 747 3299 quaedam,
760 3221 808 3280 coi
821 3239 930 3280 nomen
943 3219 1183 3295 estBischariba,

72 3328 110 3386 ad
127 3324 273 3401 originem
287 3342 388 3382 eorum
402 3323 549 3399 reperitur
559 3323 714 3382 referenda
724 3321 744 3380 ⁷.
772 3321 907 3396 Quaado
918 3337 1034 3382 summa
1046 3321 1187 3378 Mer-ohn-

72 3428 148 3486 sium
179 3424 364 3484 humanitate
392 3431 482 3500 atque
510 3424 620 3482 artium
645 3423 860 3500 literarumque
882 3422 993 3500 gloria,
1022 3421 1183 3498 Aefflph'is

72 3530 163 3588 etiam
180 3526 358 3599 vetustiore,
377 3524 547 3584 ferebantur
564 3523 670 3602 vulgo,
690 3543 727 3582 ea
743 3542 821 3582 nuuc
838 3544 865 3583 e.
884 3543 932 3584 vv.
952 3523 1001 3582 dd.
1026 3522 1117 3599 plane
1131 3541 1184 3580 ue·

75 3724 277 3734 -.--—-·—--

124 3855 151 3917 1)
168 3855 223 3906 Gir.
240 3855 422 3906 nurerum
439 3869 463 3904 a.
475 3855 501 3905 h.
514 3857 532 3906 1.

123 3940 152 4002 2)
169 3941 226 3990 Dae
241 3939 366 3991 Paradies
383 3957 408 4005 p.
420 3943 452 3990 10
469 3955 503 3990 ss.

123 4024 151 4086 3)
169 4024 274 4090 Phaleg.
293 4025 339 4087 IV,
358 4027 382 4074 2.

122 4110 152 4171 4)
170 4109 290 4174 Spicileg.
308 4125 333 4173 p.
347 4111 396 4160 143
414 4123 448 4158 ss.

122 4195 152 4256 5)
169 4193 281 4244 licam.
299 4195 359 4244 bibl.
379 4194 565 4244 Alterthumsk.
584 4194 643 4257 111,
661 4209 685 4259 p.
700 4197 747 4246 155
766 4209 799 4245 ss.
869 4203 872 4208 '

123 4279 152 4341 6)
169 4279 291 4329 Knoaruu
309 4279 469 4330 lekerteiel
487 4297 511 4344 p.
525 4279 680 4331 uls-tet.
715 4253 1088 4331 Gir.W1nuntllealw.a.v.
1122 4295 1125 4300 ¹

125 4365 154 4426 7)
171 4363 225 4414 Gir.
244 4365 329 4416 curru
344 4364 432 4416 Briefe
447 4379 495 4416 aus
512 4364 579 4430 Aeg.
596 4381 621 4429 p.
634 4365 693 4415 666.
1058 4373 1060 4378 ·
