2966 5090
280 317 346 362 xxx
631 297 875 356 Pnoancorrarn.
902 293 976 356 Onu.
992 295 1032 355 ll.
1067 307 1069 313 ⁸

333 481 527 544 Manassetin
543 479 672 558 patriam
685 481 784 568 'redux
808 489 839 541 et
855 479 934 540 serio
958 478 1101 540 addeum
1123 495 1302 552 conversus,
1324 479 1379 556 pri·

285 586 366 647 stina
382 585 461 644 vitae
476 581 593 642 ratione
609 589 805 655 commutata,
829 599 866 640 ea
882 587 961 658 quae
976 588 1065 642 antea
1080 585 1270 656 peccaverat,
1293 579 1380 638 coni·

283 703 356 764 gere
379 690 470 761 atque
491 681 650 742 restituere
672 681 795 742 studuit
825 681 979 741 Idolornm
1000 680 1092 757 igitur
1115 679 1224 740 altaria
1245 687 1276 737 et
1296 679 1382 740 simu

284 787 368 847 lacre
383 783 523 854 removit,
548 789 578 840 et
594 781 821 858 superstitiones
837 782 923 854 illes,
948 790 1092 858 quantum
1108 780 1221 856 potuit,
1245 779 1382 840 enimam

285 886 393 948 animis
410 882 534 943 evellere
550 883 676 942 conatus
693 891 756 955 est3
774 891 893 942 atvero
911 883 1027 942 malum
1037 881 1114 942 adeo
1126 880 1323 940 inveteratum
1335 879 1383 939 va

284 988 344 1047 iam
368 981 528 1058 exstirpari
549 982 663 1059 potnit,
689 991 720 1042 et
741 982 859 1044 facilius
880 983 919 1044 sd
943 981 1043 1042 omnia
1065 981 1120 1042 illa
1140 981 1275 1040 fadnora
1299 988 1385 1040 anae

284 1084 399 1147 seducti
415 1090 513 1154 erant,
540 1102 630 1160 quam
653 1084 691 1142 ab
715 1083 806 1144 insita
823 1083 1012 1142 idololatriae
1027 1081 1189 1158 cupiditate
1205 1080 1385 1140 revocaban-

283 1194 341 1244 tur.
374 1182 516 1259 Legimus
540 1183 617 1242 enim
640 1184 762 1242 deorum
787 1201 856 1243 aras
879 1202 898 1241 a
922 1183 1062 1242 Manasse
1086 1190 1200 1241 tantum
1225 1190 1385 1241 remotas

283 1301 366 1356 esse,
391 1283 515 1345 alesia
537 1291 636 1342 antem
658 1291 799 1344 contusam
821 1291 912 1360 atque
934 1281 1107 1356 disiectam,
1129 1291 1327 1359 posteaquam
1349 1281 1385 1340 ab

284 1385 433 1442 Ammona
448 1401 566 1442 rursum
588 1384 707 1443 luerunt
722 1383 920 1456 instauratae3
944 1403 998 1443 nec
1014 1383 1184 1442 desiverunt
1207 1381 1240 1440 in
1261 1381 1388 1441 excelsis

283 1469 359 1543 locis
377 1483 549 1558 immolare,
571 1482 642 1542 licet
656 1481 787 1544 Domino
813 1485 867 1543 deo
886 1501 940 1544 suo
959 1503 1044 1545 sacra
1059 1483 1158 1542 faeere
1175 1481 1239 1546 sibi
1254 1481 1388 1544 videren-

283 1593 344 1643 tur.
368 1585 452 1662 Ergo
470 1584 625 1644 conversio
643 1584 721 1646 seria
738 1593 767 1644 et
784 1585 899 1646 sincera
916 1585 1009 1646 solius
1025 1585 1088 1646 fere
1099 1584 1183 1662 regis
1196 1591 1275 1656 erat,
1292 1602 1389 1662 papu-

283 1685 331 1744 lus
352 1695 505 1745 externam
522 1693 637 1746 tantam
654 1685 774 1762 pietatis
792 1687 920 1762 speciem
937 1687 988 1746 vix
1007 1704 1043 1745 ae
1066 1705 1104 1744 ne
1120 1684 1173 1744 vix
1195 1683 1313 1762 quidem
1336 1683 1389 1744 ad·

284 1785 445 1859 miserunt,
470 1794 500 1845 et
516 1794 634 1844 mortuo
651 1787 806 1859 Manasse,
830 1805 895 1846 eum
912 1785 968 1844 LV
984 1803 1080 1844 annos
1102 1792 1273 1863 regnasset,
1303 1782 1391 1860 impii

283 1886 337 1943 lilii
353 1885 512 1943 Ammonis
530 1884 698 1961 exemplum
716 1886 809 1945 secuti
826 1886 930 1962 pronis
947 1885 1054 1944 animis
1074 1885 1106 1942 in
1122 1885 1250 1961 pristina
1271 1884 1392 1945 sacrile-

283 1984 333 2061 gia
348 1983 525 2042 reciderunt·

334 2081 404 2141 Huc
419 2081 682 2155 referendum'est,
706 2083 785 2159 quod
808 2082 838 2141 in
855 2083 941 2143 libris
959 2101 1060 2160 regum
1084 2084 1121 2142 de
1138 2086 1308 2145 calamitate
1324 2083 1390 2142 Ma·

283 2182 381 2242 nassis
399 2191 428 2240 et
445 2181 639 2242 conversione
656 2181 729 2240 nihil
746 2182 866 2241 omnino
884 2183 1005 2258 legitur,
1025 2183 1136 2261 quippe
1150 2204 1227 2261 quae
1240 2187 1279 2246 ad
1292 2186 1393 2264 ipsam

283 2282 538 2358 regis'personam
555 2281 673 2358 potius,
690 2301 780 2360 quam
797 2282 836 2340 ad
855 2283 1023 2342 universam
1041 2283 1136 2358 gantis
1153 2292 1280 2342 mentem
1297 2284 1395 2357 perti-

283 2380 408 2440 nuerit¹.
442 2380 558 2456 Quare,
582 2400 648 2441 eum
665 2389 772 2458 postea
793 2382 830 2442 tle
848 2382 946 2441 exsilii
962 2381 1141 2460 Babyloniei
1166 2382 1280 2442 caussis
1296 2382 1395 2458 quae-

284 2489 415 2555 reretur,
438 2501 504 2540 cum
531 2481 632 2541 omnia
656 2482 777 2540 omnino
800 2492 922 2559 peecata
938 2501 993 2558 per
1010 2489 1055 2540 tot
1072 2481 1171 2542 secula
1188 2482 1226 2541 ab
1243 2481 1392 2544 Israelitis
1467 2519 1468 2526 κ

285 2583 460 2655 commissa,
478 2589 541 2640 tum
558 2602 629 2641 vero
647 2583 797 2642 horrenda
813 2581 964 2642 Manassis
980 2583 1115 2642 facinora
1131 2603 1150 2640 a
1166 2581 1321 2660 prophetis
1338 2602 1392 2642 ex-

285 2682 541 2760 probrabantur⁸3
567 2693 657 2761 atque
674 2683 750 2742 adeo
768 2684 957 2760 septuaginta
973 2701 1069 2742 annos
1085 2683 1172 2758 illos,
1196 2683 1305 2759 quibus
1321 2682 1392 2744 inde
1468 2673 1469 2702 r

285 2802 305 2842 a
322 2784 419 2856 primo
436 2783 586 2844 Manassis
602 2783 642 2842 ad
658 2783 777 2840 tertium
800 2782 944 2840 decimum
960 2783 1059 2842 Iosiae
1081 2802 1191 2842 aunum
1213 2783 1392 2860 gravissima

286 2890 495 2955 perpetrarant
510 2889 648 2956 peccate,
673 2878 864 2955 septuaginta
886 2898 1032 2939 annorum
1056 2883 1184 2942 servitus
1209 2891 1239 2943 et
1255 2882 1392 2943 exsilium

286 2979 503 3054 Babylonicum
522 2980 710 3038 subsecutum
727 2975 800 3036 est⁴.

570 3223 596 3302 e.
614 3209 653 3283 5(
666 3236 716 3288 nn
734 3237 850 3293 ansus
867 3241 1107 3324 assuererunt.

354 3374 516 3450 Explicate
533 3374 710 3435 ludaeorum
727 3385 826 3452 statu,
851 3397 871 3438 a
896 3398 955 3456 quo
973 3381 1106 3440 vaticinii
1124 3381 1229 3442 edendi
1246 3401 1322 3444 ansa
1347 3401 1394 3442 re·

285 3474 415 3552 petenda
432 3480 491 3570 est,
515 3475 670 3536 dicendum
688 3477 778 3537 etiam
795 3487 841 3539 est
857 3480 895 3538 de
911 3481 1000 3541 rebus
1017 3481 1228 3560 Assyriorum,
1252 3484 1291 3542 ad
1316 3501 1392 3561 quas

285 3574 363 3633 vatis
390 3573 486 3632 oratio
512 3594 572 3634 non
596 3577 693 3637 minus
718 3579 855 3655 pertinet.
890 3581 947 3640 Est
970 3581 1047 3641 enim
1073 3584 1232 3644 tenendum
1262 3583 1393 3661 quidem,

285 3804 312 3850 et
330 3799 436 3851 arbitrio
454 3802 506 3851 iam
525 3801 626 3852 videtur
643 3817 762 3867 vacasse,
787 3812 863 3870 atque
881 3807 947 3858 adeo
965 3813 1055 3858 contra
1071 3811 1203 3874 utrimque
1221 3811 1293 3874 regni
1311 3811 1393 3874 impe-

285 3889 326 3932 tus
343 3897 400 3934 sese
417 3893 500 3936 tutum
517 3886 672 3950 reddidisse,
689 3890 815 3941 assimili
833 3907 914 3958 eoque
931 3896 1051 3957 graviore
1068 3909 1129 3944 casu
1140 3897 1232 3946 iterum
1245 3901 1392 3945 vexaretur.

339 3967 365 4026 1)
383 3968 437 4018 cfr.
455 3971 593 4038 2Paralip.
610 3972 747 4035 XXXIII,
765 3976 811 4038 153
828 3977 921 4042 anag.
938 3978 1048 4039 XXIII,
1067 3982 1108 4028 12.

340 4049 366 4110 2)
384 4051 437 4102 Cir.
455 4055 587 4106 Hssvaurr.
605 4057 674 4107 Einl.
692 4058 732 4119 11,
751 4072 780 4120 a,
798 4073 822 4121 p.
835 4063 894 4112 223.
911 4063 1009 4112 Ewsnn
1028 4062 1045 4110 l.
1058 4061 1075 4111 l.
1092 4078 1117 4125 p.
1131 4063 1191 4112 378.

217 4157 226 4163 -
339 4134 367 4195 3)
384 4135 440 4186 Osr.
457 4137 548 4190 Ierem.
568 4140 608 4204 Π,
626 4143 668 4192 30.
686 4141 747 4202 XV,
764 4143 790 4192 4.
809 4143 897 4210 anag.
910 4147 1020 4208 XXIII,
1038 4145 1062 4194 6.
1079 4147 1181 4209 XXIV,
1199 4148 1223 4198 3.

286 4296 311 4346 Κ
339 4216 367 4277 4)
384 4217 522 4282 Ingeniosa
539 4225 605 4278 hane
621 4225 821 4278 vicissitudinem
838 4231 958 4294 exposuit
975 4230 1086 4282 carun
1103 4231 1166 4282 uber
1183 4231 1233 4284 dea
1251 4247 1303 4296 syr.
1322 4232 1392 4298 ephr.

313 4301 367 4362 rieg
384 4317 410 4366 p.
423 4307 464 4358 24.
1408 4301 1413 4310 '
