2966 5090
294 315 314 355 r.
642 290 888 349 Paonaconuna
915 286 987 347 One.
1006 286 1046 344 11.

297 497 369 556 pore
385 493 451 534 esse
466 475 666 552 assignatum,
684 491 756 530 mox
774 473 811 530 ad
830 471 978 530 destinata
995 469 1051 528 sibi
1069 487 1087 526 a
1104 468 1162 525 deo
1179 484 1300 524 munera
1313 483 1394 522 exse-

298 577 415 655 quenda
432 575 550 634 adducti
569 582 647 633 sunt.
1191 623 1197 630 ,

348 678 396 736 Ita
412 677 489 734 enim
506 693 592 734 sacra
608 693 680 751 gens
697 691 750 748 per
768 671 867 730 omnia
889 668 988 729 secula
1004 667 1141 727 instituta
1164 675 1253 744 atque
1276 665 1397 722 educata

298 786 360 851 est,
383 785 417 835 ut
433 777 470 834 ab
488 775 591 851 aliqua
607 774 745 849 deinceps
762 780 864 848 gente,
892 788 968 847 quae
994 787 1139 828 summam
1162 769 1199 825 de
1216 768 1289 824 orbe
1306 773 1396 822 terra-

298 897 363 937 rum
392 875 554 953 potentiam
585 882 714 945 teneret,
746 878 919 942 vexaretur3
949 881 1051 946 gentes
1070 877 1183 947 autem,
1208 885 1285 944 quae
1302 866 1346 925 ita
1362 865 1397 923 ad

298 976 420 1038 Israelis
438 975 561 1035 salutem
580 974 809 1049 comparandam
828 977 1038 1046 conpararent,
1064 988 1124 1027 non
1147 967 1271 1026 fortuito
1296 966 1400 1025 admit-

240 1109 242 1116 .
300 1079 453 1148 tebantur,
479 1093 582 1132 verum
604 1093 660 1150 pro
683 1093 737 1133 sua
759 1073 873 1144 indole,
900 1079 929 1128 et
945 1077 1035 1146 prout
1051 1069 1172 1129 Israelis
1190 1067 1321 1126 conditio
1339 1067 1400 1124 exi·

300 1183 398 1253 geret,
422 1175 514 1232 adeo
533 1174 726 1251 eligebantur.
761 1173 844 1232 Inter
860 1189 935 1249 quas
951 1170 1080 1246 primum
1096 1169 1193 1228 locum
1210 1187 1264 1245 per
1280 1169 1401 1245 longum

300 1284 417 1351 tempus
441 1274 580 1332 tenebant
602 1273 753 1350 Aegyptii.
781 1274 809 1330 A
836 1272 944 1350 quibus
967 1289 1032 1328 cum
1055 1289 1074 1330 a
1100 1268 1284 1329 Rehabeami
1306 1275 1403 1328 aetate

300 1382 471 1447 vacassent,
496 1393 591 1452 neque
613 1374 683 1431 inde
705 1372 763 1432 nisi
786 1373 933 1430 minorum
956 1370 1086 1448 gentium
1108 1371 1261 1429 inimicitia
1284 1387 1404 1428 exerce·

300 1483 418 1548 rentur,
435 1475 496 1534 iam
512 1455 691 1532 Iudaei-non
708 1472 804 1533 minus
822 1491 912 1552 quam
924 1471 1128 1548 Ephraimitae
1141 1489 1176 1530 eo
1190 1471 1327 1529 abierant
1339 1489 1404 1546 per-

303 1575 468 1648 versitatis,
486 1584 519 1634 ut
536 1574 698 1634 maioribus
716 1592 792 1651 opus
810 1582 888 1634 esset
904 1573 1039 1650 populis,
1067 1572 1255 1650 quisumma
1271 1569 1407 1646 potentia

301 1677 432 1736 bumana
448 1676 585 1736 instructi
608 1695 659 1735 eos
677 1694 737 1734 non
753 1685 898 1735 vexarent
919 1673 1031 1746 solum,
1055 1692 1157 1732 verum
1181 1671 1407 1749 pessumdarent

302 1785 393 1852 atque
410 1784 602 1835 contererent.
630 1775 773 1849 Quoiam
792 1776 889 1836 officio
908 1775 959 1850 qui
976 1774 1029 1832 illo
1046 1783 1178 1850 tempore
1195 1772 1407 1848 perfungeren-

302 1884 366 1947 tur,
395 1876 525 1933 maxime
547 1875 647 1932 idonei
668 1875 781 1933 inventi
805 1884 874 1934 sunt
889 1873 1020 1949 Assyrii.
1048 1874 1182 1932 Primum
1199 1873 1276 1932 enim
1294 1891 1407 1948 oppor-

302 1972 414 2030 tunitas
436 1973 586 2044 locorum,
613 1973 721 2049 quibus
745 1975 884 2049 proprias
908 1991 978 2033 suas
999 1974 1149 2033 habebant
1172 1975 1271 2047 sedes,
1296 1973 1407 2032 idonea

302 2069 432 2128 maxime'
461 2079 525 2128 erat
552 2069 664 2146 ingenti
694 2072 819 2146 imperio
850 2072 919 2129 inde
942 2074 1141 2148 expugnando
1165 2083 1256 2152 atque
1281 2072 1408 2134 admini-

302 2170 440 2242 strando,
466 2168 606 2246 quoniam
630 2170 757 2227 medium
780 2171 864 2228 illum
887 2171 1025 2230 tenebant
1053 2173 1167 2245 locum,
1199 2193 1260 2250 quo
1291 2193 1408 2234 summa

302 2287 438 2345 quaeque
452 2269 559 2328 itinera
583 2287 621 2326 ex
638 2269 713 2328 Asia
736 2277 765 2328 et
781 2270 906 2346 Europa
931 2277 961 2328 et
977 2271 1082 2328 Africa
1104 2272 1234 2349 undique
1257 2277 1408 2351 cogeban-

302 2369 385 2440 tur¹3
413 2387 472 2446 quo
490 2368 566 2427 adde
582 2369 760 2446 singularem
777 2371 852 2430 coeli
869 2369 948 2430 illius
966 2371 1150 2446 temperiem,
1175 2375 1252 2448 quiae
1276 2373 1313 2430 ad
1341 2394 1408 2432 cor-

302 2487 378 2545 pora
395 2470 570 2528 obdurando
587 2469 762 2549 animosque
780 2491 799 2530 a
816 2470 940 2529 mollitie
957 2479 986 2530 et
1004 2471 1127 2547 segnitie
1139 2472 1324 2531 revocandos
1343 2493 1407 2532 ma-

303 2587 433 2646 gnopere
449 2569 617 2647 pertinebat
624 2568 644 2628 ².
665 2571 796 2632 Maxime
813 2581 912 2632 autem
929 2559 1036 2630 natura
1053 2590 1154 2629 eorum
1172 2579 1261 2648 atque
1278 2572 1405 2645 indoles,

305 2669 421 2746 qualem
439 2678 500 2730 tam
524 2691 540 2730 e
557 2671 588 2730 ll.
608 2689 647 2738 ss.
662 2692 752 2749 quam
778 2691 816 2731 ex
839 2675 1035 2730 monumentis
1051 2672 1261 2748 perspicimus,
1286 2681 1406 2732 strenua

302 2769 356 2828 illa
372 2771 503 2830 maxime
520 2778 610 2847 atque
627 2772 869 2844 bellicosissima,
892 2772 1006 2845 perfida
1027 2772 1115 2831 simul
1138 2781 1167 2830 et
1183 2771 1343 2844 malitiosa,
1363 2775 1404 2832 vi·
1465 2817 1466 2834 .

303 2868 390 2925 detur
407 2869 631 2928 consideranda.
656 2870 714 2926 Est
731 2869 808 2925 enim
825 2886 898 2942 gens
916 2869 984 2941 illa,
1004 2889 1081 2944 quae
1099 2872 1262 2944 „velociter
1279 2881 1308 2932 et
1323 2873 1403 2932 festi·

302 2974 408 3022 nanter
425 2967 552 3052 accurrit
569 2984 588 3021 a
604 2965 712 3022 finibus
730 2973 842 3037 terrae3
867 2985 926 3024 non
944 2976 991 3026 est
1007 2969 1104 3028 lassus
1120 2971 1198 3030 inter
1215 2991 1267 3032 eos
1284 2992 1336 3031 nec
1354 2972 1404 3048 qni

304 3063 464 3137 impingat;
483 3081 542 3119 non
560 3061 670 3119 dormit
686 3083 739 3121 nec
757 3065 887 3124 admittit
904 3085 1054 3140 somnum3
1074 3089 1133 3129 nou
1152 3072 1251 3132 soluta
1268 3081 1313 3132 est
1329 3092 1404 3130 zona
1465 3087 1466 3094 ¹

303 3161 471 3222 lumborum
489 3161 551 3220 eius
569 3179 624 3218 nec
641 3164 777 3223 atteritur
793 3165 890 3225 lorum
907 3167 999 3227 calcei
1016 3202 1051 3211 —-
1069 3172 1164 3248 mugit
1180 3173 1275 3232 instar
1287 3173 1405 3232 leonum

302 3261 482 3334 catulorum,
509 3267 538 3319 et
554 3259 654 3320 fremit
670 3269 699 3321 et
716 3265 795 3340 capit
819 3267 954 3343 rapinam
977 3277 1007 3328 et
1028 3271 1140 3345 aufert,
1167 3293 1263 3350 neque
1285 3282 1331 3332 cst
1353 3273 1405 3350 qui

304 3360 461 3438 eripiat.“'3
487 3359 551 3434 „Ut
571 3361 678 3421 heroes
700 3375 837 3440 currunt,
861 3376 894 3426 ut
910 3369 1070 3430 bellatores
1093 3373 1255 3432 ascendunt
1279 3393 1403 3446 murum,

355 3615 382 3678 1)
398 3615 451 3668 cn.
467 3619 535 3672 rnna
550 3639 576 3687 p.
589 3621 647 3672 119.

354 3700 381 3764 2)
398 3701 452 3754 Cfr
470 3705 584 3756 uuonan
601 3706 618 3754 l.
631 3707 648 3755 l.
664 3722 690 3770 p.
702 3707 822 3760 att-³⁷.
857 3711 992 3775 Hodieque
1010 3715 1067 3765 loca
1081 3715 1126 3765 illa
1143 3717 1352 3766 bellicosissimae
1368 3725 1404 3764 te·

303 3787 547 3924 gssgtssgrffomm'
569 3789 744 3841 Assiretamm
767 3794 810 3843 all.
832 3796 921 3847 tribus.
945 3799 990 3848 cfr.
1013 3798 1115 3848 Rumam
1138 3800 1279 3850 Erdkunde
1302 3802 1362 3863 IX}
1381 3802 1404 3861 3,

355 3955 382 4018 3)
399 3957 449 4005 Ies.
466 3955 500 4016 V,
518 3955 638 4008 att-29.
672 3959 766 4010 Patent
783 3962 885 4023 quidem
902 3963 978 4013 latius
996 3966 1075 4014 verba
1092 3973 1119 4017 et
1130 3967 1288 4033 Babylonios
1306 3983 1404 4032 quoque

304 4045 344 4101 et,
361 4040 405 4100 qui
420 4043 555 4101 praeterea
570 4044 649 4091 secuti
667 4051 738 4106 sunt,
755 4044 931 4096 israelitarum
955 4048 1041 4098 hostes
1063 4053 1294 4118 comprehendunt3
1310 4061 1403 4114 tamen,

304 4125 378 4172 sicuti
393 4122 473 4171 Iotlis
489 4123 567 4173 verba
578 4126 712 4176 confestim
724 4127 864 4192 afferenda,
881 4133 993 4182 maxime
1011 4134 1106 4185 cadunt
1119 4139 1146 4185 in
1158 4140 1295 4200 Assyrios,
1313 4141 1403 4204 quippe

304 4206 347 4264 qut
363 4205 440 4268 primi
456 4219 474 4254 a
490 4210 663 4271 septentrione
680 4211 735 4274 (cfr.
742 4212 781 4262 Io.
790 4212 826 4274 11,
833 4216 857 4275 2,
868 4217 910 4279 20)
926 4225 1062 4280 venerunt,
1080 4226 1107 4270 et
1124 4222 1214 4282 quibus
1230 4224 1327 4286 posteri
1345 4235 1402 4286 quo·

304 4286 442 4366 dammodo
460 4291 662 4344 continebantur.
681 4296 725 4346 eir.
744 4296 796 4359 Ies,
813 4298 888 4360 XIV,
906 4301 1019 4350 24-27
1038 4310 1064 4352 et
1078 4303 1239 4356 mutuatur.
1258 4321 1282 4358 a.
1295 4307 1320 4356 h.
1331 4309 1349 4357 l.
