2966 5090
402 373 427 448 ᾗ.
446 374 471 429 5.
499 369 549 429 Dn
568 387 665 429 nenos
683 372 895 432 Assumounn.
964 385 966 392 ·
1153 391 1205 434 mx

90 577 163 618 nam
182 563 217 615 ut
241 575 308 615 cnm
326 554 486 633 Aegyptiis
513 563 577 613 tuto
602 561 704 630 posset
727 553 902 632 confligere,
927 554 1206 635 Hierosolymorum

90 656 246 734 pracsidio
264 656 319 715 niti
337 657 479 727 debebat3
504 655 594 733 idque
612 675 648 714 eo
666 655 777 731 magis,
801 673 867 714 cum
885 656 1103 733 Aegyptiorum
1121 677 1206 717 exer·

91 760 196 831 citum,
211 759 238 818 si
247 757 322 816 fides
334 757 471 816 habenda
482 763 528 814 eet
541 755 699 815 annalibus
714 754 834 831 abipso
848 773 918 832 rege
928 757 1111 834 perscriptis,
1126 760 1206 835 apud

91 858 293 918 Lachisoham
308 858 369 917 iam
387 865 557 934 superasset
565 855 584 928 ¹,
617 864 647 915 et
670 855 858 929 Thirrhuka‚
882 857 1101 935 Aegyptiorum
1124 859 1205 936 priu-

94 1117 197 1168 Athen.
215 1117 277 1178 ll.;
296 1107 378 1166 altero
395 1117 453 1166 loco
470 1116 580 1167 habetur
597 1115 671 1178 800),
688 1116 731 1167 the
749 1117 924 1169 accumulated
941 1119 1037 1169 wealth
1055 1119 1085 1170 oi
1099 1120 1142 1170 the
1159 1137 1205 1172 no·

17 1213 19 1218 ·
94 1201 157 1250 bles
176 1199 205 1249 oi
221 1199 414 1266 Chaauhijahu's
432 1207 518 1264 court,
541 1199 593 1251 and
611 1200 642 1250 oi
656 1200 724 1250 their
740 1201 893 1267 daughters,
916 1203 981 1253 with
999 1204 1042 1254 tho
1059 1205 1159 1257 officere
1177 1207 1208 1256 oi

95 1285 141 1334 his
159 1285 260 1349 palaea,
277 1299 336 1333 men
353 1283 438 1334 slaves
457 1285 508 1334 aud
525 1299 627 1335 women
646 1283 738 1336 slaves.
772 1285 787 1336 I
809 1287 967 1337 returned
990 1293 1022 1338 to
1040 1289 1205 1351 Nineveh,

97 1367 155 1418 and
172 1367 342 1418 Iaocouuted
358 1367 409 1418 this
427 1369 493 1432 spoil
509 1368 551 1419 ior
568 1369 612 1418 the
629 1361 724 1420 tribute
741 1370 826 1422 which
848 1371 881 1422 he
903 1372 1007 1423 refused
1024 1381 1052 1424 to
1069 1389 1120 1440 pay
1137 1376 1202 1426 me.⁸

97 1451 187 1514 Quae,
206 1453 248 1502 uhi
266 1451 438 1514 detrahimus,
454 1465 520 1516 qnae
537 1453 570 1503 ob
589 1466 682 1502 vanam
700 1453 799 1516 gloriae
815 1456 980 1512 iactationem
994 1459 1149 1522 amplificata
1161 1473 1205 1524 ap-

96 1545 205 1602 parent,
228 1543 386 1601 quantopere
409 1539 545 1588 concinant
567 1553 623 1588 cum
648 1537 737 1601 IReg.
755 1538 864 1601 xvm,
881 1541 942 1590 ni.
961 1541 1001 1590 13.
1021 1544 1062 1592 14.
1081 1545 1127 1605 15,
1149 1544 1206 1594 lnce

10 1663 12 1692 3
96 1622 193 1672 clarius
209 1622 369 1686 perspicitur.
404 1619 525 1672 ceterum
542 1622 644 1672 videtur
660 1622 829 1684 monendum,
851 1622 1047 1674 Ramnsonun
1064 1641 1148 1690 neque
1164 1641 1205 1676 ar·

96 1711 278 1769 gumantorum
295 1706 409 1771 pondere
426 1721 510 1770 nequa
526 1707 636 1756 aliorum
659 1721 700 1755 vv.
717 1707 760 1755 dd.
785 1721 911 1756 consensu
929 1722 1029 1771 carere,
1056 1724 1112 1759 cum
1134 1711 1205 1773 pala-

96 1791 166 1838 tium
183 1789 401 1858 Koyundjucense
418 1807 435 1842 a
448 1790 592 1844 Sanheribo
610 1789 741 1839 conditum
759 1790 888 1840 existimet
906 1799 931 1842 et
948 1793 1037 1842 titulos
1054 1793 1087 1842 ab
1104 1791 1150 1842 ilio
1167 1793 1205 1843 ibi

97 1887 155 1923 esse
172 1875 321 1940 inscriptos,
342 1885 431 1927 verum
448 1878 588 1926 Larianus
605 1881 631 1924 et
648 1873 770 1924 Hsnssros
792 1873 868 1937 piane
890 1875 960 1926 idem
981 1877 1109 1940 iudicare,
1132 1878 1206 1928 elcuti

96 1957 220 2007 Hismarus
239 1966 265 2008 et
281 1961 337 2025 ipse
349 1961 488 2025 Serginam
504 1973 587 2011 novae
604 1959 740 2023 dynastiae
758 1965 888 2010 auctorem
898 1973 955 2011 esse
967 1964 1106 2014 existimat.
1133 1963 1207 2014 Miri-

98 2039 148 2089 tica
167 2048 251 2092 autem
273 2045 301 2094 li.
319 2060 353 2096 ss.
375 2045 551 2110 comprobatio
576 2045 623 2094 ille
640 2044 771 2108 quomodo
788 2043 965 2108 confirmetur,
988 2061 1003 2097 e
1025 2062 1095 2100 nova
1116 2063 1206 2098 mouu-

10 2133 11 2144 ²
97 2131 244 2177 mentorum
267 2143 284 2178 a
305 2128 449 2182 Senberibo
471 2129 633 2180 conditorum
656 2129 820 2192 collectione,
848 2143 924 2192 quam
947 2132 1015 2195 typis
1038 2133 1090 2182 iam
1113 2132 1206 2184 excudi

8 2207 12 2238 ὅ
98 2211 307 2272 supradiximus
324 2215 525 2280 pag.XXXHl.
543 2203 606 2276 no't.‚
624 2212 798 2277 quaerendum
816 2213 872 2263 erit.
973 2279 975 2286 s

9 2291 12 2318 ³
150 2294 177 2357 1)
194 2295 237 2344 Ita
254 2299 323 2346 enim
343 2302 438 2364 optime
456 2299 593 2349 difficultas
610 2297 657 2346 illa
674 2297 790 2362 expediri
812 2297 888 2346 nobis
910 2311 986 2361 posse
1003 2298 1117 2362 videtur,
1140 2314 1205 2365 quae

9 2378 12 2384 '
100 2383 218 2428 versatur
235 2382 263 2429 in
280 2391 373 2432 eventu
390 2385 505 2434 vaticinii
522 2383 572 2432 Ies.
590 2381 658 2441 XX,
676 2397 699 2429 v.
717 2380 806 2430 4-e.
837 2380 998 2431 Praedicitur
1015 2382 1050 2431 ibi
1068 2384 1206 2434 secundum

8 2471 11 2490 t
99 2462 202 2524 signnm
221 2466 248 2513 in
265 2466 337 2516 nuda
354 2468 454 2518 iesaiae
471 2467 645 2517 ambulatione
663 2465 820 2526 proposltnm
838 2465 987 2528 Aegyptum
1004 2472 1035 2514 et·
1042 2467 1207 2531 Aethiopiam

7 2557 8 2562 ¹
101 2546 179 2609 (quae
196 2549 243 2598 sub
261 2551 351 2601 eodem
369 2566 429 2619 rege
446 2558 507 2600 tuno
524 2551 674 2600 coniunctae
692 2546 777 2607 erent)
799 2547 831 2596 ab
849 2549 965 2610 Assyriis
987 2563 1045 2596 cum
1066 2551 1208 2612 ignominis

102 2631 226 2682 abductas
248 2634 304 2684 fore
326 2637 354 2684 in
377 2636 566 2699 captivitatem,
589 2631 627 2680 ite
648 2635 677 2678 ut
693 2628 784 2677 Iudaei
806 2629 848 2691 (id
871 2629 940 2692 quod
961 2637 1036 2692 caput
1053 2633 1090 2681 rei
1108 2633 1162 2694 est)
1181 2636 1208 2684 in

103 2716 204 2766 auxilio
222 2731 307 2769 eorum
324 2720 420 2769 frustra
436 2717 602 2768 confiderent.
635 2712 693 2762 Iam
709 2725 773 2762 vero
790 2713 867 2762 mium
884 2727 1010 2763 annorum
1032 2718 1140 2766 nottho·
1153 2719 1208 2768 v.3

102 2805 174 2849 certo
191 2801 225 2850 ad
242 2804 342 2854 Iesaiae
366 2805 467 2868 signum
489 2798 652 2851 referendum
677 2803 729 2859 est3
752 2802 837 2861 potest
859 2803 945 2848 autem
966 2799 1045 2848 etiam
1067 2799 1101 2850 ad
1120 2801 1209 2865 Aegy·

102 2883 214 2946 ptiornm
233 2887 332 2938 cladem
351 2887 464 2937 futuram
481 2885 558 2936 simul
574 2885 712 2949 pertinere.
730 2882 787 2931 Iam
804 2895 866 2933 vero
883 2884 911 2932 ln
929 2881 1063 2933 annalibus
1079 2885 1131 2934 illis
1142 2884 1209 2938 Sen-

103 2965 186 3018 hen‘bi
204 2969 267 3022 haec
284 2973 405 3037 legimus:
431 2971 504 3034 „The
520 2970 598 3032 hingo
615 2968 645 3018 oi
658 2968 745 3031 Egypt
762 2967 817 3017 also
835 2973 892 3017 sent
908 2966 1044 3018 horsemen
1067 2968 1119 3018 and
1141 2970 1209 3020 font·
1292 3025 1294 3030 ,

103 3065 177 3114 men,
199 3054 340 3121 belonging
362 3063 389 3106 to
412 3056 455 3105 the
473 3068 546 3117 army
563 3053 594 3104 oi
607 3052 652 3102 the
669 3051 733 3115 king
754 3051 784 3101 oi
798 3051 920 3102 Mirnkha
936 3052 1085 3115 (Merctor
1101 3055 1210 3106 Aethio·

102 3135 168 3199 pis),
185 3137 217 3187 oi
231 3139 315 3191 which
334 3139 376 3192 the
393 3139 517 3190 numbers
540 3138 617 3188 could
633 3145 681 3189 not
698 3137 730 3188 be
747 3136 865 3190 couuted.
887 3137 920 3187 In
936 3137 980 3187 the
997 3137 1211 3201 neighbourhoud

102 3222 133 3270 oi
146 3221 192 3272 the
210 3225 263 3288 city
280 3225 400 3275 Allelrhis
417 3221 577 3287 (lachish)1
597 3221 686 3288 joined
709 3223 790 3273 battle
813 3221 879 3271 with
901 3221 978 3272 them
1014 3222 1071 3272 I'he
1094 3227 1210 3288 captaius

102 3307 133 3355 oi
148 3306 192 3356 the
204 3295 313 3358 ‘cohorte
331 3292 382 3359 end
399 3310 443 3360 the
460 3321 547 3374 young
563 3321 623 3358 men
640 3307 671 3357 of
686 3301 729 3356 the'
746 3306 823 3370 iringa
841 3305 871 3354 oi
885 3305 984 3370 Egypt,
1009 3306 1061 3354 and
1084 3299 1127 3356 the
1150 3321 1208 3372 cep-

102 3392 171 3442 taius
189 3392 221 3442 oi
235 3393 279 3443 the
296 3393 399 3444 cohorte
417 3395 447 3446 oi
461 3395 505 3444 the
522 3393 586 3456 king
603 3391 633 3442 oi
648 3390 782 3454 „Merobf
807 3389 821 3438 1
838 3395 883 3454 put
899 3395 928 3438 to
945 3389 989 3439 the
1006 3390 1093 3440 sword
1116 3391 1143 3440 in
1166 3392 1210 3441 the

103 3481 213 3540 country
230 3477 261 3527 oi
273 3477 381 3528 Luhane
397 3477 541 3542 (libneh).“
565 3477 610 3527 eit.
632 3474 723 3525 Ram.
746 3473 864 3524 Outlines
884 3488 910 3536 p.
921 3474 1036 3526 XXXV.
1072 3473 1170 3535 Quibus
1188 3477 1210 3526 si
1308 3508 1314 3518 ·

102 3557 168 3610 fides
186 3563 291 3610 omnino
309 3567 349 3611 est
365 3561 499 3623 habende,
522 3561 671 3610 vaticinium
688 3558 753 3608 illud
770 3556 884 3618 Iesaiae,
907 3557 978 3606 cuius
996 3566 1101 3610 eventus
1124 3560 1209 3610 nullm

104 3643 189 3694 adhuc
212 3651 314 3708 poterat
336 3647 441 3710 probari
462 3645 511 3708 (de
528 3645 546 3693 l.
562 3643 631 3694 Nah.
649 3643 705 3704 111,
724 3645 738 3692 8
757 3655 790 3690 ss.
819 3639 863 3689 cir.
886 3639 955 3688 inira
979 3655 1004 3703 p.
1017 3641 1050 3691 98
1062 3643 1112 3704 ss.)
1134 3645 1210 3708 plane

103 3728 249 3779 coniectum
267 3737 319 3794 est3
335 3745 397 3782 uam
413 3732 601 3796 Aegyptiorum
617 3728 711 3792 copiis,
734 3737 800 3789 quae
816 3725 926 3788 primum
943 3722 1114 3787 advenerunt,
1136 3728 1209 3791 fuga·

104 3812 153 3873 tis,
172 3815 235 3864 eatis
253 3827 378 3879 superque
395 3816 540 3880 intelligere
557 3813 685 3863 debebant
703 3809 807 3872 Iudaei,
825 3809 857 3858 ab
875 3808 927 3858 illis
945 3806 1069 3857 auxilium
1087 3809 1136 3858 sibl
1152 3811 1209 3859 nul·

104 3896 159 3946 lum
176 3900 377 3962 exspectandum
400 3913 470 3962 esse;
493 3905 520 3949 et
542 3899 583 3949 vei
606 3905 706 3961 tempus
728 3894 907 3960 praestitutum
930 3891 1045 3943 evenisse
1068 3893 1209 3956 putandum

105 3987 188 4044 esset,
221 3983 243 4031 si
274 3982 342 4033 forte
369 3981 492 4049 Sargonis
518 3983 648 4048 expeditio
674 3980 797 4030 adversus
815 3971 952 4030 Asdodu'm
977 3983 1092 4028 extrem
1110 3973 1210 4028 Salma-

105 4067 220 4116 nassaris
237 4079 305 4118 anno
322 4067 392 4118 iacta
409 4073 491 4129 esset,
515 4083 573 4118 eum
588 4064 657 4116 Ill¹⁰
676 4078 744 4114 anno
763 4063 889 4115 Senberih
907 4063 1080 4115 Palaestinam
1096 4063 1210 4114 intravit.

105 4148 196 4213 quue
213 4151 295 4214 magis
313 4151 512 4216 comprobantur
528 4150 656 4202 Rahsakis
673 4149 766 4211 verba,
788 4151 832 4212 qui
849 4149 999 4214 Aegyptum
1017 4147 1084 4197 dixit
1101 4160 1209 4198 cannam

104 4235 179 4295 quasi
196 4235 352 4286 subtractam
370 4247 426 4285 esse
448 4236 559 4301 (yonam
582 4233 689 4301 mian„
706 4234 850 4284 TIrrhakee
862 4240 948 4284 autem
962 4232 1127 4282 iactationem
1139 4231 1211 4282 iliam

105 4316 161 4376 (cir.
180 4329 238 4383 pag.
252 4320 311 4382 100)
335 4326 361 4369 et
378 4319 506 4370 Herodoti
528 4319 703 4369 narrationem
726 4315 759 4368 de
777 4318 841 4382 iuga
862 4317 1028 4381 Assyriorum
1051 4318 1131 4380 probe
1153 4321 1213 4368 cum·
1250 4357 1252 4362 .

104 4400 157 4451 illis
174 4403 294 4468 coniungi
316 4415 391 4468 posse
409 4411 493 4468 patet,
516 4404 594 4456 modo
618 4409 777 4468 reputemus,
799 4401 898 4479 cladem
921 4392 1037 4462 Assyriis
1060 4413 1076 4448 e
1098 4399 1210 4450 Domino
