2918 5098
361 1096 563 1172 GAPU'A'
594 1101 890 1176 unam.

576 1337 677 1350 p*

62 1555 166 1656 Quae
182 1587 278 1646 altero
296 1587 393 1664 capite
409 1587 528 1646 suerent
550 1589 717 1665 explicata,
741 1591 844 1650 mdem
867 1591 956 1650 tertio
981 1593 1042 1652 alia
1065 1597 1182 1656 ratione

60 1691 264 1749 declarantur.
290 1690 338 1746 Ao
354 1687 481 1764 primum
499 1688 619 1766 quidem
644 1689 675 1768 Ι)
692 1689 800 1750 sicario
818 1701 848 1750 et
864 1690 1048 1752 interfectori
1075 1697 1181 1755 caedes

62 1811 90 1849 v.
115 1793 205 1862 1-3,
238 1789 345 1847 foedae
377 1789 525 1850 meretrici
553 1790 713 1851 denudatio
742 1801 773 1852 et
802 1792 967 1869 ignominia
999 1795 1181 1870 praedicitur

60 1912 89 1950 v.
108 1895 197 1950 4-7.
221 1889 267 1969 11)
284 1887 416 1962 Deinde,
440 1909 477 1948 ne
498 1891 638 1964 firmiteta
654 1893 789 1952 locorum
806 1901 837 1952 et
853 1893 1007 1970 copiarum
1024 1903 1179 1972 praesten-

62 1993 106 2052 tia
124 1990 280 2068 depulsuri
302 1990 504 2050 imminentem
527 2011 629 2054 cesum
651 1993 825 2068 videantur,
852 1994 1024 2056 Tbebarum
1038 1998 1179 2075 exemplo

61 2115 90 2153 r.
104 2097 199 2152 8-10
215 2092 372 2168 proposito
398 2091 537 2166 docetur,
561 2095 692 2156 humane
714 2096 865 2172 praesidia
889 2106 993 2158 eontra
1015 2097 1179 2158 Dominum

63 2195 138 2254 nihil
160 2194 262 2254 valere
284 2214 313 2252 v.
329 2197 439 2252 11-13.
472 2194 533 2272 111)
550 2195 633 2268 Imo,
656 2215 719 2274 quo
741 2197 837 2275 magis
861 2199 977 2274 pollent
1002 2219 1126 2260 numero
1150 2209 1180 2260 et

62 2296 197 2368 viribus,
218 2313 253 2354 eo
278 2294 404 2368 certior,
428 2295 666 2358 accumulatior
688 2297 745 2356 erit
766 2298 854 2359 ruina
875 2319 904 2358 v.
920 2303 1032 2374 14-17,
1055 2321 1116 2379 qua
1138 2302 1177 2362 ob

63 2396 282 2456 immanitatem
298 2395 480 2473 flagitiorum
497 2404 528 2456 et
544 2397 688 2456 scelerum
709 2399 898 2476 magnificum
916 2401 1111 2477 Assyriorum
1132 2421 1177 2461 re-

64 2517 156 2575 gnum
174 2497 389 2574 exstinguetur,
405 2517 435 2556 v.
454 2501 554 2570 18,19.

113 2600 183 2658 Iam
199 2617 270 2660 vcro
294 2598 370 2656 bano
386 2597 518 2656 vaticinii
535 2604 650 2674 portem
669 2617 729 2656 non
752 2598 878 2659 alienam
901 2618 968 2660 esse
993 2599 1032 2659 ab
1059 2609 1176 2660 antece-

65 2699 163 2773 denti,
182 2699 234 2759 sed
251 2698 419 2760 arctissima
433 2717 499 2758 oum
517 2719 554 2758 ea
570 2698 715 2758 contineri
731 2700 963 2772 necessitudine,
981 2717 1069 2758 nemo
1083 2718 1173 2776 nega-

65 2800 123 2875 bit,
151 2800 203 2878 qni
219 2801 267 2860 vel
284 2801 379 2860 obiter
397 2807 548 2869 extremos
565 2799 688 2860 alterius
705 2800 813 2878 capitis
829 2811 859 2862 et
881 2801 961 2862 tertii
976 2799 1091 2878 primos
1107 2820 1173 2860 ver·

65 2920 114 2962 sus
133 2902 217 2960 iuter-
229 2919 261 2961 ee
278 2901 470 2962 contenderit.
494 2901 589 2962 Vates
606 2901 684 2960 enim
701 2903 814 2980 ingenti
828 2903 1023 2964 scelerumab
1037 2902 1174 2980 Assyriis

66 3003 293 3062 commissorum
309 3002 471 3062 memoriae
487 3003 670 3082 aliquamdiu
685 3005 861 3065 immoratus
878 3014 1010 3064 atrocem
1027 3004 1175 3064 declamat

65 3103 305 3178 retributionem,
324 3121 415 3182 quam
431 3104 586 3180 profusum
602 3107 777 3184 sauguinem
788 3107 871 3168 ridet
886 3106 980 3184 sequi.
1008 3105 1110 3182 Quare
1126 3107 1174 3166 vel

65 3204 121 3265 boc
136 3207 206 3282 ipso
227 3214 402 3284 argumento
411 3223 514 3264 eornm
525 3205 697 3283 infringitur
709 3208 870 3280 sententia,
890 3207 941 3285 qui
954 3207 1078 3266 alteram
1091 3208 1173 3270 dein·

66 3326 134 3384 ceps
164 3307 416 3384 expugnationem
443 3305 517 3366 Nini
552 3319 582 3366 et
615 3309 800 3368 eversionem
833 3307 961 3368 describi
996 3308 1174 3366 cavillarnnt

65 3406 224 3482 (Hormus
236 3407 402 3468 demonstr.
421 3425 526 3484 evang.
543 3426 666 3484 propos.
683 3408 739 3480 IV,
758 3407 925 3480 Caumsur,
943 3407 1172 3484 Brinnonem),

67 3510 150 3570 cuius
167 3510 341 3570 memoriam
358 3508 478 3568 iamiam
495 3509 673 3568 exstinctam
691 3525 757 3568 esse
773 3508 838 3566 iure
855 3515 1008 3568 asseveret
1023 3507 1171 3566 Hanune-

66 3625 191 3670 urcurus
208 3609 288 3670 Einl.
311 3609 444 3672 Defensa
461 3617 508 3670 est
523 3609 671 3668 uberrime
686 3617 717 3668 et
733 3607 859 3684 singulis
876 3607 1020 3682 adaptata
1036 3607 1172 3671 versibus

67 3711 295 3784 aKsnrnsxro,
319 3711 372 3789 qui
397 3731 413 3770 e
436 3709 588 3788 perversis
603 3709 665 3770 suis
683 3710 825 3769 derebus
842 3707 1037 3784 Assyriorum
1055 3707 1173 3786 opinio·

66 3811 152 3873 nibus
175 3811 270 3871 altero
295 3813 392 3890 capite
416 3811 667 3890 expugnationem
688 3812 744 3872 sub
761 3808 967 3886 Sardanapalo
990 3811 1029 3868 ab
1052 3809 1172 3870 Arbace

66 3913 191 3986 iactam,
215 3913 303 3972 tertio
326 3922 424 3974 eutem
447 3913 624 3991 aOysxare
646 3914 701 3973 snb
720 3911 927 3990 Ohyniladeno
951 3911 1079 3971 describi
1101 3929 1170 3972 con-

68 4015 176 4086 tendit3
195 4025 300 4077 contre
317 4035 404 4093 quem
421 4015 640 4076 Eronnoaurus
656 4015 736 4076 Einl.
755 4014 816 4087 III,
834 4029 863 4092 p.
883 4017 932 4072 282
954 4033 994 4074 ss.
1012 4013 1106 4073 multe
1123 4031 1171 4073 sa-

68 4115 103 4175 tis
120 4125 259 4176 acourate
280 4116 451 4195 disputavit.
477 4116 637 4194 Proprium
664 4123 831 4176 astantem
855 4115 938 4194 poesi
961 4124 991 4174 et
1007 4114 1171 4176 visionibus

67 4225 180 4290 ratum,
204 4219 286 4295 quod
309 4219 428 4280 easdem
450 4237 499 4277 res
521 4238 540 4276 a
562 4217 689 4278 diversis
702 4217 793 4295 quasi
810 4217 945 4296 pertibus
964 4216 1089 4294 profecti
1107 4235 1171 4277 see·

68 4317 131 4379 dius
153 4327 313 4380 retractent
320 4343 329 4392 ;
353 4331 444 4398 atque
468 4320 543 4380 adeo
566 4319 661 4380 altera
683 4320 756 4380 haec
778 4318 953 4380 evertendae
970 4316 1042 4378 Nini
1065 4319 1171 4380 decan·
