2918 5098
297 317 343 386 66
710 315 782 376 Car.
795 317 840 390 ll,
858 337 887 376 v.
900 322 993 375 6-11.

295 507 396 585 potius
413 502 502 564 scribi
526 501 664 561 debuisse
680 501 816 561 vidimus.
852 502 924 560 Ideo
943 521 980 559 ne
1002 501 1037 578 b)
1054 501 1177 560 alteram
1197 499 1316 578 quidem
1333 519 1392 577 pru·

296 611 401 668 bamus
420 604 566 675 Cnnvmr,
585 601 736 676 claren,
760 603 927 662 Kannsxn
946 602 1137 674 sententiam,
1163 603 1215 678 qni
1238 602 1392 660 machinam

295 710 428 785 aliquam
452 706 490 764 ab
515 703 695 780 oppugnatis
718 704 758 762 ad
783 704 843 762 tela
861 704 992 763 hostium
1016 703 1201 762 defendenda
1223 711 1392 762 exstructam

296 809 475 879 coniiciunt,
497 806 528 864 id
553 805 634 881 quod
658 805 783 882 cogitari
806 805 928 880 insuper
952 806 1047 882 probe
1068 823 1129 882 non
1153 812 1262 880 potest.
1303 802 1393 863 Satius

297 930 369 988 ergo
393 909 449 967 erit
475 909 506 985 2)
523 906 718 982 plurimorum
741 907 936 982 interpretum
959 905 1043 983 sequi
1069 905 1263 979 sententiam,
1294 905 1394 982 quide

297 1007 600 1090 oppugnantium
624 1005 806 1066 machinis
829 1007 1019 1084 cogitandum
1044 1007 1166 1080 docent,
1196 1007 1233 1064 de
1256 1005 1393 1065 testudine

298 1114 345 1172 vel
366 1112 463 1170 vinea.
500 1110 545 1166 Ac
567 1109 600 1186 a)
616 1107 769 1167 vinearum
787 1108 905 1185 quidem
922 1107 1039 1184 pondus
1062 1116 1152 1184 atque
1173 1107 1307 1185 gravitas
1322 1107 1392 1164 haud

298 1213 433 1273 sufficere
448 1209 582 1280 ridetur3
598 1225 652 1268 nec
668 1210 706 1268 ab
723 1208 783 1268 illis
800 1209 937 1286 gentibus
953 1209 1080 1268 usitatas
1097 1207 1224 1279 scimus3
1250 1209 1285 1286 b)
1303 1227 1393 1266 verum

298 1311 517 1373 testudines
546 1310 577 1368 in
600 1309 808 1387 expugnandis
831 1309 950 1386 oppidis
973 1309 1101 1385 primum
1131 1318 1222 1384 atque
1245 1309 1394 1368 seeundum

299 1414 379 1491 apud
393 1411 539 1489 Assyrios
555 1411 653 1468 locum
669 1420 797 1469 tenuere.
824 1410 1020 1469 Testudinem
1032 1418 1130 1469 autem
1145 1429 1205 1467 non
1222 1409 1297 1468 illud
1312 1427 1394 1485 genus

270 1511 273 1518 '
298 1515 438 1586 dicimus,
457 1512 538 1589 qued
556 1512 647 1572 scutis
664 1531 756 1588 supra
772 1511 872 1587 capita
888 1509 1014 1570 sublatis
1031 1519 1120 1587 atque
1131 1511 1175 1570 ita
1191 1511 1269 1569 inter
1287 1530 1318 1570 se
1334 1529 1393 1568 con-

298 1615 421 1676 tinuatis
443 1614 589 1672 formatur
604 1611 629 1686 ¹,
661 1612 713 1672 sed
738 1611 904 1671 machinam
926 1612 1071 1689 ligneum,
1098 1612 1173 1672 rotis
1196 1611 1348 1684 subiectis,
1368 1611 1393 1666 in

299 1737 360 1796 qua
382 1715 573 1792 suspenditur
594 1712 705 1773 aries’.
741 1713 884 1772 Videmus
906 1711 983 1772 enim
1005 1713 1036 1770 in
1058 1712 1182 1789 sculptis
1208 1712 1393 1790 Assyriorum

298 1818 408 1878 tabulis
430 1817 564 1892 ingentes
581 1823 678 1873 turres
696 1822 839 1891 quattuor
851 1815 897 1872 vel
915 1832 967 1874 sex
985 1814 1060 1874 rotis
1077 1813 1253 1890 impositas,
1272 1815 1326 1874 sub
1339 1811 1393 1890 qui·

298 1921 355 1978 bus
377 1916 455 1975 aries
478 1915 668 1974 eiaculandus
690 1915 765 1974 latet
785 1915 1041 1992 (n2,perfossor,
1065 1915 1172 1973 Erech.
1183 1914 1239 1988 IV,
1257 1913 1323 1992 3)³;
1355 1933 1394 1972 sa·

297 2017 412 2096 gittarii
433 2016 465 2073 in
490 2015 633 2074 tabulatis
663 2015 865 2091 superioribus
888 2015 1026 2093 dispositi
1054 2026 1115 2075 tam
1145 2035 1162 2074 e
1189 2033 1306 2074 summa
1331 2013 1393 2073 turri

298 2137 389 2196 quam
408 2115 574 2176 efenestris
591 2114 729 2174 emittunt
745 2115 820 2188 tela,
838 2116 881 2174 ita
898 2126 932 2176 ut
948 2124 978 2175 et
995 2117 1072 2176 aries
1089 2126 1119 2176 ct
1135 2116 1244 2175 milites
1257 2124 1392 2193 tegantur,

296 2219 329 2277 id
346 2218 428 2295 quod
446 2216 562 2294 egregie
580 2217 708 2293 quadrat
730 2216 761 2274 in
778 2217 1007 2293 appellationem
1025 2233 1096 2292 pao.
1135 2215 1393 2294 Agebatur¹autem

296 2319 472 2397 plerumque
483 2318 520 2376 ad
533 2317 702 2376 inferiorem
715 2318 791 2376 muri
809 2328 934 2394 partem,
957 2337 1067 2395 aggere
1079 2319 1202 2395 obliquo
1220 2315 1393 2386 exstruct0⁴3
1441 2303 1442 2308 ἵ

296 2419 426 2496 parietes
450 2419 532 2497 ligno
555 2410 610 2478 velx
626 2420 714 2478 coriis
738 2419 956 2498 viminihueque
978 2419 1047 2478 tecti
1070 2420 1205 2478 videntur
1217 2418 1236 2478 ⁵.
1278 2419 1394 2493 „Hence

296 2522 347 2581 the
364 2522 452 2580 mode
470 2521 504 2579 of
523 2520 600 2579 their
622 2521 721 2580 action
738 2540 802 2580 was
819 2529 873 2580 not
898 2522 963 2579 that
985 2521 1020 2578 oi
1034 2521 1162 2598 shakiug
1184 2521 1233 2578 the
1251 2521 1322 2579 wall
1346 2518 1394 2578 and

296 2624 420 2700 causing
443 2623 468 2682 it
484 2632 518 2680 to
534 2621 587 2680 fell
604 2624 645 2700 by
662 2623 801 2698 repeated
818 2622 898 2699 havy
916 2622 1026 2682 shoolrs
1043 2620 1087 2696 (id
1105 2621 1186 2699 quod
1210 2622 1241 2678 in
1257 2622 1391 2698 ingentes,

284 2725 347 2802 'qui
365 2724 514 2797 feruntur,
539 2722 611 2782 Nini
629 2741 730 2782 muros
747 2723 852 2782 eadere
870 2743 928 2782 non
946 2725 1078 2799 posset),
1102 2724 1156 2781 but
1175 2723 1277 2781 rather
1294 2724 1354 2781 that
1368 2719 1396 2776 oi

295 2825 485 2901 penetrating
501 2825 551 2883 the
573 2843 695 2884 courses
712 2824 747 2881 of
760 2825 879 2897 bricks,
907 2825 942 2883 of
955 2824 1052 2882 which
1075 2825 1146 2901 they
1162 2843 1241 2882 were
1258 2821 1394 2899 probably

296 2926 472 3000 composed,
495 2925 555 2982 and
572 2925 640 2983 thus
657 2923 795 3000 picking,
818 2925 844 2982 if
859 2945 905 2984 we
927 2943 997 3002 may
1014 2926 1052 2983 be
1068 2925 1198 2984 allowed
1220 2925 1270 2983 the
1287 2926 1392 3001 phrase,

295 3033 381 3100 great
396 3023 481 3081 hules
503 3023 534 3080 in
552 3023 649 3094 them,
674 3023 749 3080 until
775 3031 807 3082 at
823 3024 924 3102 length
941 3027 991 3084 the
1014 3026 1204 3086 battlements
1227 3027 1327 3084 would
1348 3021 1393 3081 fall

295 3123 344 3181 ior
361 3129 442 3180 want
459 3122 494 3178 of
508 3131 635 3198 support
646 3123 825 3182 teneamur
851 3125 936 3200 Quae
952 3127 1106 3186 machinae
1118 3146 1208 3204 quam
1220 3126 1393 3204 perniciosae

295 3223 405 3282 fuerint
422 3223 618 3301 oppugnatis,
646 3223 773 3283 dilucide
796 3245 835 3284 ex
853 3245 946 3304 opera
962 3236 1088 3304 apparet
1104 3228 1217 3287 frustra
1234 3229 1272 3286 ab
1289 3227 1325 3288 iis
1346 3225 1393 3282 im·
1440 3213 1441 3228 ¹

294 3343 402 3402 pensa,
421 3325 534 3384 catenis
551 3324 675 3384 tollendi
692 3325 814 3385 arietem
832 3337 884 3387 aut
900 3329 968 3404 igne
980 3337 1074 3387 totam
1092 3337 1202 3388 turrem
1220 3324 1392 3387 delendi!-

295 3426 430 3504 Oogitari
447 3427 565 3505 quidem
588 3427 749 3487 secundum
768 3429 852 3488 verbi
869 3429 1020 3489 notionem
1043 3429 1161 3490 facilius
1178 3431 1215 3488 de
1237 3429 1303 3490 aliis
1319 3436 1393 3502 tegu-

294 3613 497 3624 ——....

345 3762 372 3825 1)
389 3763 442 3815 Cir.
460 3767 596 3816 Amanum
612 3764 630 3812 l.
642 3765 744 3828 XXVI,
758 3769 786 3829 ὃς
804 3767 893 3816 Limen
912 3765 927 3815 l.
940 3767 1070 3832 XXXIV,
1083 3770 1124 3820 39.

344 3847 371 3910 Β)
388 3849 441 3899 Cir.
459 3849 572 3898 Laranm
590 3847 607 3896 l.
619 3847 637 3897 l.
649 3848 690 3910 ΙΙ,
702 3866 724 3899 c.
736 3851 760 3911 5,
778 3865 836 3914 pag.
849 3851 899 3899 376
909 3865 952 3913 ss,
970 3852 1013 3914 fig.
1023 3855 1064 3904 57.
1079 3857 1125 3918 58;
1144 3853 1243 3904 Bosora
1255 3852 1270 3900 l
1282 3849 1299 3899 l.
1312 3845 1392 3912 p.160.

294 3931 352 3982 161.
368 3933 424 3981 186.
438 3933 497 3982 234.
510 3933 573 3994 243;
592 3929 679 3983 eosne
696 3934 713 3982 l.
726 3934 743 3984 l.
756 3950 780 3998 p.
791 3936 841 3986 299
851 3949 883 3984 ss.

343 4014 370 4078 3)
387 4013 440 4065 Otr.
457 4015 630 4066 Harvramcu.
649 4017 739 4066 ahl.

345 4100 373 4160 4)
391 4099 444 4152 Gir.
463 4097 562 4150 Boron
579 4101 596 4150 l.
608 4101 626 4150 l.
638 4117 662 4166 p.
674 4103 724 4152 276
734 4103 777 4152 all.

344 4184 370 4245 5)
388 4183 442 4234 Cir.
460 4184 576 4236 Vrrnuvn
593 4185 626 4235 de
643 4187 812 4237 architectura
829 4188 839 4237 l
858 4189 898 4252 X,
913 4189 953 4239 19.
963 4192 1003 4240 20.
1016 4192 1058 4239 21.

343 4267 370 4328 6)
388 4267 474 4319 (iosus
492 4262 530 4319 l.'l
551 4286 575 4335 p.
588 4271 646 4321 299.

345 4350 372 4414 7)
390 4352 443 4403 Gir.
462 4353 561 4404 Boron
579 4371 602 4418 p.
614 4355 677 4418 2343
697 4357 783 4408 Gossr
802 4375 824 4423 p.
836 4361 893 4409 311.
