2966 5090
432 333 458 408 ξ.
475 335 503 392 3.
532 333 582 393 Dr
600 351 721 394 aurern
738 334 880 396 Nauem.
1149 357 1217 402 xvn

157 511 318 596 e)‘1²orr0
336 514 524 576 ud‘einadem
543 517 786 580 Asserhaddonis
816 525 939 597 regnum
960 521 1102 597 pertinet,
1134 527 1217 604 quod

103 615 225 676 ludaeis
243 616 377 675 videmus
400 615 563 692 periculum
586 619 624 676 ab
642 619 779 696 Assyriis
800 620 953 680 imminere
969 621 1050 693 ll,1
1076 624 1216 696 „celebra

104 717 182 776 Iuda
198 717 277 777 leste
294 724 362 789 tna,
380 717 505 776 exsolve
522 726 594 777 vota
611 721 684 777 curo
702 720 756 778 cir.
774 739 845 798 pag.
857 725 908 792 493
931 721 1023 799 quid?
1045 726 1127 799 quod
1143 725 1215 803 iugo

104 837 209 876 eorum
227 825 257 876 et
271 815 469 876 dominationi
487 817 612 877 subiecti
629 826 712 892 sunt,
730 820 784 879 cir.
802 821 834 893 1,
851 841 881 880 v.
897 827 938 880 ll.
958 825 998 880 1³.
1017 823 1063 896 11,
1084 829 1107 883 l.
1130 825 1216 886 Haec

105 915 206 977 autem
223 915 354 977 conditio
379 917 425 975 illi
447 919 594 995 tempori,v
616 920 695 994 quod
714 917 871 980 Sanheribi
894 920 1008 981 cladem
1025 923 1215 986 subsecutum

104 1027 169 1091 est,
192 1001 381 1076 nullomodo
404 1018 542 1094 adaptari
554 1021 669 1095 potest.
697 1019 776 1078 Nam
802 1022 854 1100 qui
871 1020 1029 1080 Kuoanm
1051 1034 1215 1100 sequuntur

103 1119 302 1190 sententiam,
327 1117 377 1194 qui
396 1117 516 1177 Iudaeis
542 1118 695 1178 existimat
711 1106 871 1179 timendum
888 1121 999 1194 inisse,
1017 1141 1054 1181 ne
1067 1121 1213 1186 Scnherib

104 1237 165 1276 rex
181 1217 302 1294 integris
319 1217 561 1292 copiiscollectis
578 1218 684 1277 iterum
700 1228 814 1296 peteret
829 1221 986 1294 iudaeam,
1006 1231 1038 1281 nt
1060 1233 1212 1302 acceptam

104 1317 223 1376 cladem
240 1325 406 1393 repararet,
431 1318 501 1376 iiin
518 1318 596 1378 idem
613 1319 747 1379 incidunt
762 1321 884 1394 vitium,
909 1323 990 1399 quod
1013 1324 1103 1382 modo
1126 1335 1213 1386 nota·

99 1418 211 1478 vimus.
238 1420 281 1476 At
296 1437 368 1476 vero
386 1419 602 1478 Assarhaddon
621 1439 686 1478 cum
707 1425 802 1482 novos
821 1423 944 1482 colonos
969 1422 1001 1482 iu
1017 1423 1212 1500 Ephraimiti·

99 1537 169 1578 cam
194 1527 302 1577 terram
327 1518 498 1592 deduceret,
534 1519 585 1596 qui
607 1529 768 1581 evacuatos
790 1521 953 1583 incolerent
974 1541 1080 1600 agros,
1106 1526 1212 1602 copiae

100 1619 177 1678 eius
191 1619 295 1678 crebro
320 1619 497 1678 ludaeorum
524 1620 613 1678 etiam
641 1621 715 1683 fines
746 1631 945 1694 vexaverunt,
977 1632 1007 1681 et
1036 1625 1084 1682 vel
1111 1643 1211 1702 regem

99 1737 203 1777 eornm
221 1719 411 1808 Manassem,
435 1720 590 1778 occasione
607 1720 726 1793 oblata,
754 1729 873 1798 captum
896 1722 1087 1800 vinctumque
1110 1725 1211 1801 Baby·
1257 1773 1263 1786 ,

100 1819 201 1878 lonem
216 1828 454 1896 asportaverunt

158 1922 189 1999 7)
203 1921 266 1978 Iam
284 1939 355 1980 vero
373 1939 433 1978 non
451 1920 643 1980 omittendum
661 1930 721 1994 est,
739 1923 820 1999 quod
838 1940 985 2000 nusquam
1003 1921 1125 1982 Nahum
1143 1941 1210 1999 pec·

100 2029 172 2080 eata
188 2020 291 2098 populi
308 2021 426 2097 arguit,
453 2039 507 2079 neo
523 2030 653 2080 atrocem
672 2022 818 2084 defectum
834 2043 853 2082 a
870 2022 1019 2096 Domino,
1043 2043 1131 2101 quem
1155 2024 1209 2084 ad·

101 2122 262 2194 miserant,
286 2122 465 2197 exprobrat,
490 2122 541 2180 sed
568 2122 663 2182 solam
686 2123 892 2182 liberationem
916 2133 946 2183 et
968 2123 1094 2184 salutem
1121 2143 1207 2200 prae·

99 2224 190 2282 dicat.
217 2221 293 2280 Tale
317 2222 389 2300 quid
412 2231 527 2295 autem,
550 2241 587 2280 ne
604 2223 682 2302 forte
703 2224 734 2281 in
757 2224 900 2284 falsorum
925 2225 1137 2301 prophetarum
1153 2243 1209 2282 nu-

100 2343 184 2382 mero
211 2323 383 2396 haberetur,
409 2322 544 2381 omittere
568 2323 689 2382 omnino
713 2343 773 2382 non
797 2331 929 2402 poterat,
961 2324 1018 2384 nisi
1042 2343 1079 2382 ea
1101 2324 1208 2402 populi

99 2431 168 2482 erat
183 2423 330 2496 conditio,
353 2433 387 2482 ut
409 2422 515 2498 poenis
540 2433 662 2499 peccatu
684 2425 850 2484 subsecutis
868 2425 941 2484 eatis
960 2442 1108 2501 superque
1124 2424 1207 2483 ride·

98 2534 185 2583 retur
207 2543 367 2600 oppressus
389 2533 479 2600 atque
501 2523 737 2599 pessumdatum
753 2532 842 2599 atque
860 2522 951 2593 adeo,
978 2531 1120 2599 quantum
1142 2524 1207 2580 fieri
1303 2561 1305 2564 -

101 2632 226 2701 posset,
255 2625 358 2684 salutis
388 2623 554 2700 promissae
583 2622 691 2682 solatio
722 2642 741 2680 a
770 2621 976 2697 desperatione
1007 2629 1206 2680 revocaretur.

100 2724 310 2799 Quaerendum
329 2737 400 2802 ergo
416 2723 540 2801 aliquod
557 2730 674 2798 tempus
692 2731 751 2795 est,
776 2740 836 2798 quo
860 2720 979 2794 Iudaei,
1003 2721 1143 2780 Manasse
1160 2740 1207 2780 re·

99 2833 228 2902 gneum,
246 2823 376 2902 graviter
392 2825 495 2884 afflicti
514 2841 644 2883 summas
661 2822 846 2882 calamitates
864 2821 957 2882 et'vel
975 2822 1097 2880 exitium
1115 2831 1207 2898 atque

97 2925 260 3001 perniciem
277 2926 456 3002 reipublicae
472 2923 685 3000 pertimuerint
737 2923 911 2984 Cuiusmodi
935 2928 1097 2999 tempestas
1118 2922 1207 2982 unica

97 3026 246 3101 reperitur
270 3026 337 3099 illa,
368 3045 428 3103 qua
450 3025 625 3084 Manasse
653 3042 743 3100 rege
769 3024 806 3081 in
837 3022 1108 3098 captivitatem
1139 3024 1206 3082 ab·

96 3127 228 3184 ducto*
236 3126 296 3202 ipsi
314 3126 505 3196 verebantur,
524 3144 577 3196 ue,
603 3123 852 3201 quemadmodum
866 3123 1085 3199 Ephraimitico
1101 3141 1205 3198 regno,

96 3226 143 3286 ita
168 3226 289 3285 ludaico
312 3245 431 3304 quoqne
453 3225 590 3283 interitus
613 3223 651 3282 ub
677 3224 813 3300 Assyriis
839 3223 1012 3299 propediem
1040 3231 1205 3298 pararetur.

94 3327 152 3386 cfr.
172 3327 198 3404 ξ.
211 3332 239 3385 4.

148 3429 181 3504 8)
204 3424 261 3485 Oui
283 3428 445 3486 sententiae
467 3425 674 3485 documentum
695 3425 840 3501 praebent
860 3421 992 3480 Nahumi
1016 3421 1107 3480 verba
1124 3419 1153 3493 l,
1174 3423 1205 3478 13
1225 3485 1229 3496 ἁ

95 3527 252 3587 declarata
269 3536 321 3600 „et
344 3527 460 3586 vincula
485 3535 538 3585 tna
554 3529 732 3600 rumpam;“
758 3541 836 3601 quae
858 3521 910 3580 ubi
930 3529 1068 3580 accurate
1085 3538 1206 3596 compa·

93 3635 204 3687 rantur
220 3646 286 3686 oum
303 3627 359 3687 les.
373 3627 420 3700 X,
439 3631 482 3695 27,
506 3627 586 3684 baud
609 3625 734 3684 obscure
751 3624 790 3682 ad
807 3639 906 3699 regem
924 3620 1054 3680 vinctum
1072 3627 1206 3695 captum·

94 3748 157 3806 qne
175 3727 321 3803 respicere
338 3727 483 3787 videntur.
502 3728 554 3785 esr.
573 3745 603 3802 p.
616 3730 659 3784 40.

150 3827 237 3902 Quae
250 3846 317 3886 oum
329 3828 372 3886 ita
385 3828 459 3901 sint,
474 3827 565 3886 totius
578 3826 647 3885 libri
660 3823 776 3882 ratione
789 3821 922 3880 videmus
936 3830 1080 3896 tempus
1093 3818 1204 3890 illud,

93 3947 174 4006 quo
192 3928 372 3988 Manasse
398 3928 554 3986 vinctus
572 3924 773 4000 Babylone
796 3922 1013 3993 tenebatur,
1041 3937 1101 3977 uon
1125 3936 1206 3975 com·

92 4028 231 4088 mendari
249 4029 345 4087 solum
363 4047 464 4086 verum
483 4025 620 4103 flagitari.
649 4023 737 4098 Quod
754 4022 876 4097 insuper
893 4021 1033 4081 suadetur
1049 4038 1100 4107 eo,
1124 4017 1205 4094 quod

91 4129 172 4188 nulli
188 4135 309 4206 praeter
326 4129 472 4205 Assyrios
497 4131 764 4187 commemorantur
779 4122 898 4196 hostes,
926 4121 984 4179 nisi
1007 4120 1086 4178 force
1102 4119 1218 4194 Aegy-⁰

90 4229 171 4307 ptii;
202 4248 263 4286 non
295 4229 388 4286 multo
420 4237 491 4305 post
521 4227 598 4286 enim
621 4246 640 4285 a
664 4221 823 4284 Chaldaeis
845 4221 934 4281 etiam
956 4219 1117 4278 timendum
1141 4224 1207 4276 erat

89 4330 223 4389 Iudaeis.
322 4411 329 4418 .
