2966 5090
281 323 327 394 22
697 325 771 386 Ger.
785 326 815 398 I,
833 343 861 383 u.
875 329 891 381 7
899 329 969 382 -11,

278 514 332 574 cfr.
350 511 415 574 Ion.
428 511 488 586 111,
506 516 539 586 ⁷3
556 509 648 572 Num.
661 509 764 584 XXV,
781 516 814 581 43
831 509 889 569 les.
902 505 995 580 XIII,
1013 511 1038 566 9.
1058 510 1099 566 13.
1117 540 1154 550 -
1194 522 1267 582 son
1284 532 1318 558 =
1331 522 1383 582 uni

277 614 357 690 (unu
371 638 405 665 =
418 615 523 694 nouo)
539 613 577 673 de
592 631 688 690 equa,
712 611 749 672 de
770 611 817 671 ira
839 629 928 688 saepe
943 608 1052 686 legitur
1069 607 1179 668 dictum
1195 608 1301 666 2Par.
1314 607 1383 678 XII,

279 713 525 788 731erem.VII,
550 719 598 787 θος
622 713 727 785 XLII,
752 716 798 786 183
831 711 884 770 cfr.
907 711 961 770 Ida.
980 707 1043 782 IX,
1067 713 1101 782 83
1127 710 1223 787 Apoc.
1244 707 1339 779 XVI,
1363 714 1384 766 l.
1447 712 1448 738 ³

279 814 423 889 ,Effnndi
444 815 492 874 hic
514 815 588 876 nihil
605 813 686 874 uliud
709 823 755 873 est
777 831 867 890 quom
882 811 973 888 longe
993 810 1112 888 lateque
1134 809 1266 888 dispergi
1272 830 1282 882 3
1306 827 1385 886 gras-

279 925 363 978 satur
385 923 550 989 momento,
580 933 617 976 ec
643 914 670 974 ei
698 913 775 992 ignis
805 921 900 974 totam
921 912 1029 974 silvam
1054 911 1247 987 corriperet.“
1294 907 1384 970 ΟΜΝ.

278 1016 369 1079 Lxx
385 1016 472 1076 aliter
486 1016 595 1093 legisse
610 1014 782 1093 suspicandi
799 1021 882 1086 sunt,
906 1011 1035 1078 reddunt
1050 1012 1128 1072 enim
1154 1003 1251 1093 τήκει
1275 995 1385 1092 ὄρχιες,

278 1117 373 1178 Arab.
397 1113 551 1194 liquefacit
571 1116 737 1193 principes,
762 1115 899 1192 legerunt
922 1131 996 1191 ergo
1016 1117 1089 1172 cer
1110 1127 1196 1202 u3p3
1217 1132 1277 1190 pro
1307 1127 1384 1202 ,Ὅτῳ
1448 1185 1449 1198 ¹

280 1225 368 1302 utica„
411 1216 530 1294 Rupes,
560 1236 637 1295 quse
659 1235 716 1293 pro
742 1215 901 1276 inaccessis
924 1205 1070 1278 habentur
1098 1214 1307 1288 munimentis,
1336 1214 1384 1274 cfr.

279 1319 332 1378 Ps.
345 1315 468 1391 XVIII,
485 1321 519 1390 3,
537 1316 693 1378 diruuntur
704 1317 743 1377 ab
761 1335 807 1389 eo,
827 1335 879 1376 seu
892 1334 969 1392 ,prae
985 1333 1036 1387 eo,
1060 1329 1154 1388 trun,
1171 1314 1191 1372 i.
1210 1334 1235 1374 e.
1255 1335 1331 1392 prce
1346 1315 1386 1372 in-

280 1437 365 1479 cessu
382 1418 446 1478 eius
462 1427 492 1477 et
507 1417 726 1495 increpatione,
750 1417 803 1478 cfr.
821 1417 926 1476 Ierem.
939 1415 1066 1488 XXIII,
1083 1419 1126 1474 29.
1160 1413 1316 1477 vertimus
1334 1433 1385 1474 nos

282 1538 393 1598 „rupes
407 1527 516 1596 ruptae
532 1521 633 1592 snnt“‚
651 1527 685 1578 ut
700 1517 942 1595 paronomasiam
958 1516 1121 1590 imitemur,
1141 1535 1218 1594 quae
1233 1517 1387 1578 intercedit

280 1622 358 1681 inter
378 1637 476 1700 unni,
498 1634 593 1700 isne,
616 1628 647 1680 et
666 1635 799 1700 crustu,
821 1625 979 1697 praeeunte
994 1617 1160 1678 Msunnno.

331 1721 453 1796 „Tanta
468 1720 558 1799 Igitur
574 1741 643 1782 cum
658 1721 697 1782 sit
714 1720 761 1781 dei
778 1720 920 1798 potentis,
936 1727 972 1778 ut
984 1737 1050 1778 eum
1062 1738 1100 1778 ne
1112 1717 1313 1780 solidissimae
1326 1719 1386 1797 qni-

281 1815 467 1884 ten'mundi
490 1831 592 1899 partes
615 1823 760 1882 sustinere
782 1822 917 1899 possint,
939 1839 1011 1878 num
1033 1819 1076 1878 illi
1094 1837 1149 1880 vos
1165 1818 1323 1880 Ninivitas
1344 1839 1385 1878 re-

281 1925 386 1986 sistere
402 1923 558 1998 puteritis?
585 1941 656 1982 num
673 1942 728 1983 vos
744 1924 888 1985 adversus
905 1921 989 1980 illum
1007 1919 1108 1992 muris,
1126 1920 1227 1994 fossis,
1245 1921 1384 1992 turribus,

280 2023 437 2100 praesidiis
459 2023 504 2086 ita¹
523 2023 685 2084 instructos
702 2023 840 2100 putetis,
857 2031 891 2082 ut
912 2021 992 2082 illius
1008 2020 1239 2098 impressionem.
1248 2023 1384 2082 hostilem
1450 2087 1451 2094 ἵ

281 2131 415 2184 avertere
432 2117 579 2199 possitis?
622 2122 702 2198 Quid
726 2125 803 2182 enim
825 2123 983 2183 homuncio
1008 2121 1144 2183 mortalis
1162 2127 1239 2182 etc.“
1285 2121 1384 2184 Gust-

281 2241 401 2284 rnnnus
423 2225 503 2283 hom.
517 2223 548 2282 11
571 2223 603 2282 iu
624 2221 721 2284 Nach.
765 2223 815 2286 sio
838 2233 941 2285 nostro
963 2225 996 2281 in
1026 2232 1171 2282 commate
1194 2225 1232 2282 ab
1258 2222 1384 2284 univemi

280 2324 379 2384 iudicii
396 2325 594 2402 descriptione
609 2324 752 2386 transitus
776 2327 810 2386 fit
826 2318 866 2384 ad
890 2324 1017 2401 speciem
1035 2323 1183 2383 vindictae
1199 2323 1236 2384 de
1252 2323 1383 2404 Assyriis

280 2428 440 2488 sumendae
456 2427 716 2503 praeformandam
734 2447 763 2486 v.
778 2431 794 2486 t
803 2461 823 2470 -
833 2431 873 2485 11.

702 2774 746 2846 B.
788 2797 824 2843 ν.
841 2775 966 2844 ’7-11.

329 2929 441 2990 Verum
472 2930 621 2990 enimvero
651 2926 767 2989 indiciis
798 2928 861 2990 suis
889 2927 1061 2992 exercendis
1084 2928 1235 2990 Dominus
1265 2949 1327 2990 non
1353 2925 1382 2984 id
1450 2937 1451 2974 3

278 3031 375 3092 solum
393 3029 497 3102 efficit,
514 3036 547 3087 ut
564 3028 793 3106 exstinguuntur
809 3029 951 3104 malefici,
974 3029 1028 3090 sed
1045 3029 1134 3090 etism
1152 3039 1185 3092 ut
1201 3031 1381 3092 vindicentur

277 3131 329 3208 pii.
369 3129 537 3206 Utrumque
551 3128 611 3188 inm
628 3130 820 3207 sequentibus
835 3130 998 3208 exponitur
1015 3131 1168 3206 versibus,
1191 3132 1249 3206 ito,
1274 3142 1310 3194 ut
1325 3130 1380 3190 ui

277 3236 385 3308 agatur
401 3229 438 3288 de
454 3229 526 3306 piis,
548 3249 577 3289 v.
592 3233 609 3288 8
632 3230 669 3289 de
691 3231 846 3306 hostibus,
870 3252 899 3292 v.
913 3237 929 3292 9
947 3234 984 3292 de
1001 3233 1150 3311 utrisque,
1174 3255 1203 3292 v.
1218 3239 1251 3292 10
1267 3248 1381 3292 rursum

277 3333 314 3392 de
330 3331 481 3405 hostibus,
499 3351 528 3391 v.
544 3335 574 3390 ll
593 3332 629 3391 de
645 3331 713 3409 piis.
738 3333 858 3395 Vindex
875 3333 954 3404 enim
968 3344 999 3393 et
1015 3333 1110 3395 iustus
1127 3335 1219 3394 iudex
1235 3333 1380 3394 Dominus

276 3416 325 3496 esi
339 3434 435 3496 bonne
451 3433 544 3506 idem,
568 3451 622 3494 nec
640 3433 772 3494 destituit
789 3455 856 3508 eos,
880 3435 931 3514 qui
954 3455 1039 3496 suam
1061 3435 1091 3496 in
1116 3455 1151 3517 eo
1174 3436 1313 3496 fiduciam
1329 3450 1380 3510 po·

277 3544 350 3596 nunt
371 3539 447 3607 r.7;
477 3534 590 3594 Ninum
614 3542 729 3608 eutem,
755 3537 842 3598 sicuti
869 3536 972 3598 hostes
1001 3555 1072 3598 suos
1103 3556 1223 3610 omnes,
1253 3535 1380 3598 funditus

276 3635 440 3714 exstinguit
455 3655 483 3696 v.
496 3641 523 3696 8.
569 3635 671 3712 Quare
686 3656 724 3696 ne
740 3637 863 3710 timesne
878 3637 995 3712 IudseI,
1021 3657 1060 3696 ne
1076 3646 1221 3698 vexentur
1236 3657 1328 3715 porro
1344 3633 1380 3694 sb

276 3738 427 3816 Assyriis,
454 3757 521 3798 cum
539 3738 627 3811 deus,
654 3737 775 3816 siquos
797 3739 921 3812 evertit,
944 3739 1170 3819 ita-pervertat,
1196 3748 1230 3798 nt
1251 3739 1380 3799 funditus

275 3837 421 3904 intereunt
442 3859 470 3898 v.
485 3843 525 3911 93.
546 3857 615 3898 num
632 3839 680 3898 vel
703 3840 856 3914 spinarum
879 3840 976 3900 instar
992 3839 1153 3916 perplexos
1170 3839 1241 3904 illos
1264 3834 1380 3914 necppi·

275 3949 346 4000 nato
370 3939 408 4000 ed
438 3957 527 4004 unum
550 3957 652 3999 omnes
680 3941 814 4001 consumi
837 3940 910 4002 facit
931 3962 960 4000 v.
981 3946 1030 4014 10,
1058 3941 1101 4002 ita
1123 3949 1157 4000 ut
1181 3939 1322 4004 liberetur
1342 3936 1378 3998 ab

275 4057 453 4117 oppressore
469 4039 589 4098 Iudaea.
624 4060 653 4100 v.
669 4045 709 4100 11.
756 4103 760 4110 ,

326 4139 464 4200 Ceterum
481 4131 616 4198 omittere
639 4142 810 4220 nequimus,
835 4141 1047 4218 sententiarum
1065 4143 1239 4204 varietatem
1261 4158 1378 4220 compo-

274 4241 382 4300 sitione
398 4239 486 4300 etium
503 4259 640 4302 versuum
658 4251 687 4303 et
703 4262 826 4304 numero
843 4243 996 4320 praeclare
1017 4244 1049 4304 in
1072 4245 1129 4304 hoc
1144 4245 1243 4321 capite
1259 4259 1377 4320 expres-

274 4359 338 4400 sam
355 4360 509 4419 epparere.
544 4343 647 4424 Brima
664 4345 740 4405 enim
759 4344 846 4422 quasi
864 4345 1005 4421 stropha,
1024 4366 1051 4405 v.
1066 4350 1153 4416 2-6,
1173 4344 1260 4408 sicuti
1277 4345 1376 4412 altera,
