2966 5090
266 301 368 348 xxrrn
618 286 861 344 Pucuaeouaas.
886 281 960 344 Car.
977 283 1018 342 11.

267 478 298 530 et
314 469 508 547 Ignominiam
525 467 654 540 ultoris,
668 468 700 526 in
717 467 855 528 exsilium
871 471 1159 545 transportareutur,
1177 473 1272 544 atque
1283 467 1369 540 adem

268 571 462 648 quodmodo
485 569 567 646 passi
589 576 674 626 erant
695 563 864 641 Israelitae,
892 569 983 627 idem¹
999 567 1074 645 ipsis
1096 567 1275 643 propediem
1293 568 1368 626 acci·

267 671 359 730 deret.
389 673 491 747 Atque
514 689 550 726 ea
573 668 702 726 formido
725 669 790 728 siue
807 669 897 728 dublo
920 669 1139 747 exaugebatur,
1162 667 1188 726 si
1207 667 1275 743 quis
1291 668 1371 727 forte

267 780 368 831 vatum
391 771 499 841 verba,
522 768 619 827 obiter
636 776 723 829 antea
741 769 859 842 audita,
883 770 1104 840 recordaretur,
1127 767 1179 844 qui
1195 765 1279 842 ipsas
1299 768 1367 828 illas

267 869 420 931 Samariae
441 868 623 928 calamitates
645 869 763 929 Iudaeis
787 888 907 948 quoque
929 871 1042 930 instare
1068 867 1287 928 nuntiaverant.
1325 869 1369 927 At

266 990 338 1030 vero
356 971 464 1046 exigua
488 967 607 1045 piorum
624 970 746 1029 Domini
771 990 924 1030 servorum
947 969 1075 1047 reliquia
1101 967 1187 1026 aliter
1204 976 1269 1028 erat
1283 966 1370 1028 insti·

267 1079 349 1130 tuta:
372 1068 487 1145 priores
511 1069 589 1128 enim
613 1071 776 1147 prophetae
799 1090 913 1130 summo
937 1071 1015 1134 inter
1036 1089 1070 1130 se
1094 1063 1241 1141 consensu
1262 1070 1369 1128 docue-

172 1239 176 1246 .
266 1178 351 1241 rant,
376 1169 605 1229 internecionem
622 1171 741 1230 Iudaeis
763 1190 824 1229 nou
845 1170 885 1229 ab
902 1170 1054 1248 Assyriis,
1077 1187 1180 1228 verum
1201 1189 1221 1226 a
1237 1169 1370 1246 Babylo·

268 1268 326 1327 uiis
342 1268 381 1326 iri
396 1279 543 1345 paratum.
570 1269 772 1331 Nihilominus
788 1271 826 1330 iis
843 1289 977 1348 quoque,
1001 1269 1053 1348 qui
1078 1269 1135 1327 hoc
1151 1268 1290 1344 religiose
1308 1289 1369 1328 me·

266 1367 428 1442 minerant,
446 1371 547 1448 gravis
564 1380 629 1429 erat
645 1380 675 1430 et
687 1371 794 1430 acerba
807 1371 1024 1448 maximeregis
1035 1369 1217 1446 asportatio:
1235 1388 1370 1434 summae

267 1469 346 1526 euim
362 1471 480 1530 futurae
496 1471 602 1531 salutis
618 1472 849 1548 promissiones,
873 1491 950 1549 quae
971 1470 1084 1548 populo
1102 1470 1190 1548 datae
1206 1479 1305 1543 erant,
1328 1470 1370 1530 ad

263 1569 376 1646 regium
387 1571 515 1631 Doridis
531 1572 665 1632 sobolem
680 1574 843 1632 haerebant
859 1573 1019 1633 adstrictae
1024 1593 1033 1645 ;
1046 1589 1101 1630 rex
1117 1570 1223 1648 Igitur,
1242 1579 1275 1630 ut
1286 1571 1365 1629 Iere-

266 1671 344 1730 miae
361 1673 460 1731 verbIs
477 1681 555 1747 utar,
573 1693 661 1732 verae
673 1673 794 1734 Israelis
811 1673 933 1750 spiritus
950 1672 1050 1733 sitella
1068 1671 1164 1743 erat¹;
1183 1690 1279 1748 neque
1296 1689 1367 1730 vero

264 1771 461 1848 ignorabant,
479 1773 510 1830 iu
526 1791 597 1850 rege
613 1773 799 1850 Babylonem
816 1773 943 1832 abducto
963 1773 1055 1832 totius
1073 1770 1177 1847 populi
1194 1771 1297 1829 eodem
1314 1771 1369 1829 ali·

265 1872 385 1948 quando
408 1871 564 1930 abiiciendi
590 1873 698 1949 pignus
723 1872 816 1931 latere
846 1881 876 1931 et
903 1871 1122 1949 quodammodo
1150 1871 1336 1947 praesagium
1346 1869 1366 1930 ².

265 1969 387 2029 Cunctis
404 1969 495 2046 igitur
512 1989 626 2029 summo
645 1990 780 2030 moerore
796 1980 825 2030 et
841 1971 999 2030 formidine
1015 1971 1167 2044 sollicitis,
1193 1990 1260 2029 oum
1276 1970 1367 2031 u'ullis

263 2069 353 2130 sociis
375 2068 543 2145 respublica
565 2069 770 2144 adiuvaretur,
791 2071 853 2128 imo
875 2069 1003 2131 inimicis
1026 2069 1156 2145 undique
1178 2078 1208 2128 et
1229 2071 1366 2130 hostibus

263 2168 444 2228 circumdata
456 2178 549 2242 esset,
567 2170 730 2232 cavendum
743 2187 922 2246 magnopere
934 2180 1012 2242 erat,
1031 2189 1068 2228 ne
1078 2168 1285 2244 desperatione
1298 2191 1367 2230 cor·

263 2270 341 2345 repti
357 2269 388 2327 in
406 2269 581 2328 atrociorem
599 2269 688 2328 etiam
706 2269 921 2329 contumaciam
938 2279 968 2329 et
983 2267 1175 2346 pertinaciam
1187 2269 1368 2344 praecipites

262 2369 395 2441 abirent3
414 2377 457 2441 et,
476 2387 541 2426 cum
559 2369 651 2429 totius
663 2371 766 2446 populi
778 2371 926 2429 evertendi
941 2379 1055 2446 tempus
1067 2367 1276 2445 praestitutum
1290 2387 1366 2425 non-

263 2471 332 2529 dum
349 2470 489 2542 venisset,
506 2469 617 2530 electae
634 2481 732 2529 autem
749 2471 866 2548 piorum
883 2469 1026 2547 reliquiae
1035 2471 1065 2527 in
1078 2470 1136 2528 fide
1149 2476 1178 2526 et
1195 2468 1372 2528 obedientia

263 2571 483 2631 conservandae
497 2581 609 2632 esseut:
627 2571 745 2630 fortiter
760 2580 844 2631 erant
856 2571 1005 2643 monendi,
1023 2590 1060 2628 ne
1077 2571 1115 2628 ab
1133 2569 1268 2645 Assyriis
1286 2589 1365 2629 nunc

263 2672 321 2732 sibi
337 2672 449 2734 instare
464 2672 623 2748 perniciem
641 2672 792 2745 timerent,
815 2672 866 2730 sed
890 2671 995 2730 leviter
1012 2669 1149 2748 castigati
1166 2671 1245 2727 bono
1262 2670 1362 2729 animo
1462 2729 1463 2756 ,

262 2780 381 2847 recepto
408 2773 445 2830 ab
468 2771 656 2830 idololatriae
678 2771 795 2830 insania
811 2769 1025 2844 resipiscerent.
1052 2772 1154 2848 Atque
1170 2769 1227 2828 hoc
1243 2770 1361 2853 quidem
1462 2759 1463 2802 1

262 2871 437 2930 consolandi
454 2889 560 2928 munus
573 2868 713 2926 Nahumo
730 2868 892 2925 iniunctum
910 2878 969 2942 est,
989 2870 1041 2946 qui
1053 2870 1171 2929 Iudaeis
1184 2867 1364 2946 suum'ipso-
1462 2867 1463 2872 ’

261 2988 327 3026 rum
344 2969 494 3026 interitum
517 2966 688 3025 timentibus
706 2967 900 3044 Assyriorum
922 2969 1023 3043 potius
1047 2968 1275 3029 internecionem
1292 2991 1362 3048 pro·
1462 2979 1463 3024 ἱ

260 3067 377 3144 pediam
394 3075 564 3144 ereaturam
581 3063 682 3122 divino
699 3066 806 3142 spiritu
822 3067 979 3129 instinctus
996 3071 1163 3146 proposuit.

314 3209 338 3271 l)
356 3210 410 3260 ch.
429 3209 527 3260 'l'hreni
542 3207 593 3269 IV,
611 3208 658 3269 203
682 3207 760 3259 Mich.
779 3209 828 3271 IV,
846 3209 876 3272 9,
899 3211 957 3261 coll.
976 3211 1102 3262 Harum·
1125 3211 1363 3275 cmsm1.111,et
1462 3201 1463 3254 ἶ

260 3296 389 3347 Gaurano
409 3309 433 3345 a
445 3294 470 3343 h.
483 3293 500 3342 l.

311 3379 337 3442 2)
355 3379 428 3440 Quae
445 3392 503 3428 cum
519 3378 557 3428 ita
574 3380 638 3440 siut,
656 3384 752 3429 temere
768 3379 894 3431 iudIcasse
912 3387 1020 3444 apparet
1036 3381 1171 3430 Haavunu.
1189 3379 1257 3430 Einl.
1273 3381 1315 3444 II,
1335 3381 1361 3444 b,

259 3480 284 3528 p.
296 3465 360 3525 3⁷4,
376 3478 433 3512 eum
445 3470 618 3514 asseverarem
637 3462 709 3526 „Das
720 3463 852 3528 Ereigniss
868 3463 989 3514 achron.
1002 3464 1142 3527 XXXIII,
1153 3467 1184 3513 ll
1198 3464 1269 3514 kann
1282 3464 1361 3515 achon

259 3549 344 3598 seluer
365 3549 487 3597 iusseram
503 3547 656 3612 Bedeutung
677 3547 756 3610 nach,
779 3549 818 3598 als
840 3549 883 3598 cin
905 3548 967 3599 bald
989 3549 1042 3599 und
1066 3549 1133 3598 ohne
1156 3563 1245 3612 grosse
1262 3550 1362 3615 Folg'en

259 3631 497 3695 voribergeheudes
514 3641 564 3698 gar
578 3631 648 3682 nicht
665 3633 691 3682 iu
709 3630 832 3681 Betraoht
849 3631 994 3683 kommen.“
1025 3632 1098 3694 Quae
1116 3640 1200 3683 autem
1219 3634 1363 3684 subiunxit:

260 3716 341 3780 ,noch
359 3717 473 3780 weniger
489 3717 566 3778 aber,
591 3730 667 3766 wana
684 3729 744 3765 man
762 3719 833 3766 seina
851 3718 941 3767 iuuere
959 3717 1111 3780 Bedentnug
1129 3719 1178 3767 in's
1195 3719 1272 3780 Auge
1288 3718 1362 3768 fasst.

257 3802 365 3853 Damals
382 3816 439 3852 war
454 3815 483 3850 es
501 3803 558 3851 siue
575 3797 693 3865 geraehte
710 3799 796 3851 Strata
813 3800 858 3850 des
876 3801 976 3864 Herm,
998 3801 1065 3851 daau
1082 3802 1226 3865 bestimmt,
1248 3818 1291 3853 um
1314 3803 1362 3854 das
1462 3789 1463 3798 ἵ

257 3888 410 3950 abtrdunige
428 3885 496 3935 Volk
514 3885 568 3935 und
584 3885 676 3936 dassen
693 3883 781 3948 KtnIg
798 3899 843 3934 aur
859 3881 1010 3952 Besiuuuug
1033 3902 1065 3936 aa
1082 3887 1156 3936 rufeu
1173 3887 1226 3936 und
1243 3886 1361 3938 desselbe
1462 3947 1463 3950 Ἴ

257 3971 371 4035 augleich
394 3973 470 4020 einen
487 3969 662 4021 Vorschmack
685 3971 768 4020 selues
790 3969 858 4020 nahe
882 3970 1103 4021 berorstehendcu
1121 3969 1281 4022 Schielrsales
1306 3987 1360 4022 em-

255 4057 359 4122 pllndeu
377 4072 408 4106 zu
425 4055 525 4105 laasen“
540 4082 571 4092 -
587 4069 619 4104 ea
636 4061 792 4119 quantopere
810 4062 923 4104 nostram
942 4055 1095 4104 sententiam
1114 4055 1276 4117 confirment,
1295 4059 1358 4107 satis

255 4153 379 4204 superque
401 4139 552 4203 Indigitasse
574 4141 648 4190 noble
672 4140 800 4200 ridemur,
822 4140 971 4203 praesertIm
995 4138 1039 4187 ubl
1056 4138 1157 4188 Iesaiae
1180 4153 1358 4202 comparamus

255 4223 461 4287 slmllitudinem,
483 4225 540 4287 qui,
563 4225 713 4274 annuntiato
736 4223 828 4274 exsilio
846 4221 1007 4286 Babylonico
1025 4239 1046 4274 c.
1066 4224 1199 4284 XXXIX,
1223 4225 1357 4277 confestim

254 4308 337 4372 pergit
354 4308 446 4360 axa:
469 4315 595 4363 *amna
618 4297 816 4367 ianssonii
