2966 5090
279 315 304 364 x2
460 284 465 292 ’
635 294 884 359 ,Pnonroouaua
908 291 982 352 Onr.
999 292 1023 350 L

278 481 445 552 dicebatur,
471 478 592 555 regione
614 479 699 538 sedes
726 497 827 536 eorum
852 477 1027 537 distributas
1052 474 1160 548 fuisse,
1192 479 1390 553 comprobare

277 589 403 648 conatus
421 589 483 653 est,
507 587 596 656 atque
620 580 695 638 adeo
720 578 782 636 veri
805 579 894 637 etiam
919 577 1045 637 similius
1069 576 1178 649 videri,
1206 587 1239 636 ut
1256 578 1390 638 Nahumi

276 680 483 759 patria'fuerit
499 680 635 740 Alltoscb
653 680 727 738 illud
745 680 824 755 apud
841 679 994 757 Tigridem
1012 677 1111 738 situm.
1138 679 1183 737 At
1200 698 1271 738 vero
1290 681 1390 739 omnis

278 785 352 844 haec
371 784 408 842 de
425 782 532 841 exsilio
550 783 649 840 decern
667 781 797 840 tribuum
815 770 951 857 quaestio
969 780 1002 840 in
1023 787 1084 837 tam
1102 779 1217 838 lubrico
1235 788 1326 858 atque
1343 781 1390 838 in-

279 885 379 944 stabili
397 891 533 942 versatur
549 883 633 955 loco,
660 882 711 940 vix
736 889 769 939 ut
786 881 948 959 quidquam
973 881 1041 940 inde
1059 880 1194 939 concludi
1212 889 1304 958 atque
1321 882 1390 941 elici

278 1005 369 1062 posse
385 983 530 1042 videatur.

327 1087 360 1164 4)
381 1084 460 1144 Tum
482 1103 554 1142 vero
577 1103 663 1142 nemo
686 1101 812 1160 usquam
837 1081 964 1140 traditur
986 1084 1134 1159 propheta
1154 1083 1186 1141 in
1209 1081 1309 1141 decem
1334 1081 1389 1141 tri-

279 1189 369 1246 buum
388 1185 494 1244 exsilio
511 1184 605 1244 fuisse
621 1193 771 1256 versatus3
797 1182 929 1243 Nahnmi
946 1183 1037 1260 igitur
1054 1183 1170 1242 unicum
1189 1191 1219 1242 et
1236 1183 1389 1260 singulare

279 1297 358 1362 esset
375 1286 543 1362 exemplar3
568 1286 649 1362 quod
672 1284 812 1363 quoniam
830 1284 969 1343 universo
986 1285 1206 1360 reprobationis
1223 1283 1331 1356 statui,
1355 1285 1388 1343 in

282 1407 342 1466 quo
355 1387 511 1446 Israelitae
524 1387 646 1446 fuerunt
657 1387 820 1460 constituti,
831 1385 884 1444 vix
901 1385 1000 1462 possit
1016 1385 1171 1461 adaptari,
1190 1384 1216 1445 si
1234 1385 1386 1443 nihilomi-

279 1509 335 1551 nus
353 1497 431 1548 esset
452 1488 669 1564 accipiendum,
695 1497 743 1547 sat
766 1487 873 1546 validis
899 1494 988 1564 atque
1012 1487 1181 1545 efficacibus
1205 1487 1389 1562 argumentis

278 1590 537 1650 commendaretur
554 1597 680 1665 oportet.
702 1591 746 1647 At
763 1587 790 1647 si
811 1587 943 1648 Nahumi
965 1587 1181 1663 perlustramur
1204 1586 1388 1660 vaticinium,

278 1691 383 1754 mirari
406 1690 507 1750 statim
534 1690 629 1763 subit,
655 1690 737 1767 qnod
763 1689 845 1748 nullo
870 1689 1003 1765 tangitur
1027 1686 1135 1761 verbo,
1159 1688 1217 1763 ipsi
1240 1687 1302 1754 vati
1325 1707 1387 1746 non

279 1792 393 1863 minus,
421 1811 511 1868 quam
535 1791 671 1850 omnibus
693 1790 763 1863 illis,
782 1789 881 1866 quiin
899 1789 951 1847 illa
968 1787 1043 1847 Nini
1067 1789 1218 1858 vicinitate
1241 1788 1387 1861 viverent,

279 1911 426 1952 summum
449 1893 561 1950 instare
584 1890 746 1967 periculum
770 1891 808 1949 ab
832 1890 985 1964 hostibus,
1014 1889 1066 1966 qui
1089 1911 1108 1948 a
1133 1889 1336 1966 septentrione
1358 1899 1389 1948 et

280 1993 394 2052 oriente
411 1991 552 2050 accedere
568 1992 723 2051 debebant.
747 1992 799 2050 cfr.
818 2005 910 2067 supra
927 1992 967 2049 ad
982 1991 1014 2064 Ι,
1031 1996 1057 2048 4.
1099 2032 1101 2036 .

331 2095 363 2172 5)
387 2091 442 2150 Cui
459 2101 634 2169 argumento
651 2112 710 2150 non
731 2093 855 2151 multum
878 2092 1088 2165 tribueremus,
1112 2090 1138 2149 si
1161 2090 1236 2167 ipsis
1253 2090 1385 2150 Nahumi

280 2193 379 2254 verbis
405 2192 492 2252 aliter
515 2195 694 2252 doceremur.
730 2191 919 2252 Contendunt
943 2193 1020 2252 enim
1043 2193 1130 2252 huius
1152 2191 1315 2252 sententiae
1332 2212 1386 2268 pa-

280 2295 375 2368 troni,
400 2295 538 2354 subtilem
554 2294 687 2354 locorum
705 2294 903 2372 cognitionem
921 2316 940 2353 a
956 2303 1025 2354 vate
1041 2293 1179 2370 probari,
1204 2303 1234 2352 et
1255 2292 1386 2370 singula-

280 2415 342 2456 rem
365 2395 545 2472 reipublicae
568 2397 764 2473 Assyriorum
794 2404 824 2454 et
845 2415 943 2482 rernm
967 2403 1118 2473 gestarum
1143 2413 1318 2472 morumque
1341 2394 1386 2452 in·

280 2517 370 2575 super
387 2497 461 2557 satis
478 2506 646 2557 accuratam
664 2497 810 2575 peritiam.
843 2497 927 2572 Quae
950 2496 1114 2556 cuiusmodi
1138 2494 1211 2568 sint,
1236 2495 1385 2554 examine-

275 2618 355 2659 mus.
393 2599 544 2659 Laudavit
573 2599 714 2660 Tucfflus
744 2599 764 2659 l.
778 2599 798 2659 l.
826 2619 857 2676 p.
872 2605 904 2658 tt
933 2617 1054 2675 campos
1086 2596 1164 2656 circa
1193 2597 1297 2655 urbem
1324 2597 1385 2656 late

278 2708 415 2776 patentes
434 2709 681 2759 commemoratos
698 2700 744 2773 11,
762 2703 822 2759 v.5
840 2700 917 2775 (buu
939 2700 1085 2775 nuatum
1103 2715 1164 2774 quo
1182 2705 1279 2756 tamen
1292 2699 1385 2756 verbo

232 2831 234 2834 ·
279 2820 339 2860 non
356 2819 478 2878 campos
495 2807 632 2876 apertos,
651 2800 704 2858 sed
720 2800 836 2874 plateas
854 2797 987 2858 suburbii
1003 2798 1129 2857 indicari
1144 2796 1333 2874 probavimus
1350 2798 1384 2855 in

279 2920 384 2959 comm.
402 2921 432 2977 p.
447 2906 496 2972 623
515 2900 620 2958 deinde
637 2899 960 2976 ‚,propugnacula'III,
980 2903 1011 2957 12
1029 2908 1059 2959 et
1076 2909 1171 2974 turres
1183 2898 1229 2972 ΙΙ,
1246 2901 1283 2955 2“
1300 2897 1383 2957 haud

278 3018 365 3060 secus
387 3001 425 3059 ad
448 2999 723 3075 interpretationem
746 3019 805 3058 non
828 3001 922 3076 probe
942 3000 1109 3059 institutam
1134 2999 1288 3059 referenda
1305 3007 1384 3069 sunt,

277 3100 322 3160 uti
339 3122 366 3159 a.
385 3101 433 3158 hh.
449 3100 481 3159 ll.
500 3100 690 3172 ostendetur3
714 3100 916 3160 aedificiorum
932 3101 1058 3160 materia
1073 3101 1136 3174 III,
1157 3105 1189 3159 14
1211 3119 1272 3159 non
1296 3119 1384 3176 pecu-

277 3202 383 3261 liarem
400 3221 466 3261 esse
482 3201 619 3278 Assyriis
637 3201 801 3262 videbimus
807 3223 817 3275 ;
839 3212 902 3262 turn
919 3221 991 3261 vero
1009 3202 1105 3278 portis
1122 3203 1161 3260 ad
1177 3201 1299 3260 fluvium
1317 3200 1385 3260 sitis

278 3303 327 3376 Π,
345 3308 361 3360 7
385 3302 584 3380 potentissimi
607 3303 690 3380 regni
712 3312 802 3379 caput
823 3305 967 3363 munitum
993 3322 1073 3376 esse,
1097 3311 1150 3362 aut
1172 3302 1322 3362 audivisse
1344 3301 1384 3360 ab

277 3405 353 3480 ipsis
369 3403 506 3480 Assyriis
526 3404 625 3479 potuit
642 3403 780 3478 Nahum,
807 3405 858 3482 qui
883 3405 971 3464 toties
988 3403 1191 3463 Palaestinam
1206 3421 1383 3480 peragrave-

278 3513 361 3578 rant,
388 3512 440 3562 aut
457 3505 659 3564 concludendo
682 3505 771 3564 etiam
789 3505 883 3564 valuit
900 3505 1058 3577 coniicere,
1083 3523 1148 3562 cum
1173 3504 1212 3562 ad
1231 3503 1386 3581 Tigridem

277 3605 409 3682 positum
433 3624 498 3664 esse
521 3613 679 3666 constaret.
717 3606 814 3664 Porro
841 3606 923 3684 quod
945 3605 1087 3664 Tuomus
1111 3605 1253 3664 delicatos
1277 3605 1385 3662 civium

277 3724 375 3764 mores
400 3706 487 3764 affert
513 3707 708 3782 reprehensos
733 3707 780 3780 Il,
800 3713 824 3766 6.
849 3708 913 3780 III,
933 3709 982 3780 13,
1015 3707 1123 3766 nullius
1153 3725 1218 3766 esse
1242 3705 1385 3765 momenti

276 3805 433 3879 concedet,
460 3807 512 3884 qui
537 3807 692 3885 diligenter
714 3808 770 3867 hos
793 3809 875 3867 locos
899 3807 1071 3867 excusserit.
1105 3808 1264 3867 Postremo
1294 3824 1384 3884 quam

276 3927 373 3966 rerum
393 3908 430 3966 ab
444 3908 581 3986 Assyriis
598 3922 748 3986 gestarum
766 3917 917 3969 asseverat
935 3909 1132 3985 cognitionem
1151 3907 1283 3984 conspici
1301 3908 1325 3980 l,
1341 3911 1384 3979 ll,

276 4027 312 4066 ea
336 4008 382 4067 vel
408 4009 611 4068 tenuissimam
635 4011 834 4086 cuiuscunque
856 4010 958 4068 Iudaei
981 4009 1154 4068 memoriam
1172 4009 1224 4068 vix
1246 4016 1386 4084 poterant

276 4109 419 4186 effugere3
443 4129 498 4168 nec
521 4111 617 4169 minus
635 4111 719 4175 futile
737 4119 797 4182 est,
822 4111 904 4187 quod
922 4129 957 4168 ex
977 4111 1103 4186 perfidia
1125 4109 1221 4187 gentis
1238 4109 1303 4181 ΙΙΙ,
1320 4113 1338 4166 4
1356 4115 1386 4166 et

275 4218 472 4270 mercatorum
485 4211 745 4283 multitudinem,
761 4215 792 4268 16
809 4211 990 4287 reipublicae
1007 4219 1116 4270 statum
1131 4211 1297 4270 accuratius
1315 4228 1384 4286 per-

275 4319 407 4386 spectum
433 4311 565 4370 coniecit.
590 4305 635 4354 —'
653 4314 695 4371 At
717 4313 877 4372 verendum
902 4312 975 4372 mihi
999 4313 1130 4386 videtur,
1154 4332 1192 4370 ne
1217 4332 1233 4370 e
1257 4309 1384 4392 mirifico
