<?xml version="1.0" encoding="UTF-8"?>
<!DOCTYPE html PUBLIC "-//W3C//DTD XHTML 1.0 Transitional//EN"
    "http://www.w3.org/TR/xhtml1/DTD/xhtml1-transitional.dtd">
<html xmlns="http://www.w3.org/1999/xhtml" xml:lang="en" lang="en">
 <head>
  <title>
</title>
<meta http-equiv="Content-Type" content="text/html;charset=utf-8" />
  <meta name='ocr-system' content='tesseract 3.04.00' />
  <meta name='ocr-capabilities' content='ocr_page ocr_carea ocr_par ocr_line ocrx_word'/>
</head>
<body>
  <div class='ocr_page' id='page_1' title='image "./nahumideninovat00stragoog/nahumideninovat00stragoog_0217.png"; bbox 0 0 2918 5098; ppageno 0'>
   <div class='ocr_carea' id='block_1_1' title="bbox 749 214 765 245">
    <p class='ocr_par' dir='ltr' id='par_1_1' title="bbox 749 214 765 245">
     <span class='ocr_line' id='line_1_1' title="bbox 749 214 765 245; baseline 0 -6"><span class='ocrx_word' id='word_1_1' title='bbox 749 214 765 245; x_wconf 61' lang='grc' dir='ltr'><strong>ι</strong></span> 
     </span>
    </p>
   </div>
   <div class='ocr_carea' id='block_1_2' title="bbox 264 290 979 366">
    <p class='ocr_par' dir='ltr' id='par_1_2' title="bbox 264 290 979 366">
     <span class='ocr_line' id='line_1_2' title="bbox 264 290 979 366; baseline -0.014 -6"><span class='ocrx_word' id='word_1_2' title='bbox 264 290 333 360; x_wconf 75' lang='lat'>128</span> <span class='ocrx_word' id='word_1_3' title='bbox 656 291 728 352; x_wconf 61' lang='lat' dir='ltr'>cir.</span> <span class='ocrx_word' id='word_1_4' title='bbox 744 293 803 366; x_wconf 88' lang='lat'>111,</span> <span class='ocrx_word' id='word_1_5' title='bbox 822 309 851 351; x_wconf 89' lang='lat' dir='ltr'>v.</span> <span class='ocrx_word' id='word_1_6' title='bbox 868 297 979 350; x_wconf 78' lang='lat'>14-19.</span> 
     </span>
    </p>
   </div>
   <div class='ocr_carea' id='block_1_3' title="bbox 259 471 1453 2677">
    <p class='ocr_par' dir='ltr' id='par_1_3' title="bbox 259 471 1453 2576">
     <span class='ocr_line' id='line_1_3' title="bbox 261 471 1368 554; baseline -0.002 -16"><span class='ocrx_word' id='word_1_7' title='bbox 261 499 325 538; x_wconf 84' lang='lat' dir='ltr'>oum</span> <span class='ocrx_word' id='word_1_8' title='bbox 349 478 554 538; x_wconf 79' lang='lat' dir='ltr'>imitationem.</span> <span class='ocrx_word' id='word_1_9' title='bbox 571 511 606 526; x_wconf 50' lang='lat'>*-</span> <span class='ocrx_word' id='word_1_10' title='bbox 629 471 691 542; x_wconf 73' lang='lat' dir='ltr'>nbn</span> <span class='ocrx_word' id='word_1_11' title='bbox 716 477 767 536; x_wconf 89' lang='lat' dir='ltr'>Ni.</span> <span class='ocrx_word' id='word_1_12' title='bbox 791 477 923 554; x_wconf 81' lang='lat' dir='ltr'>graviter</span> <span class='ocrx_word' id='word_1_13' title='bbox 947 485 1118 554; x_wconf 77' lang='lat' dir='ltr'><strong>aegrotare,</strong></span> <span class='ocrx_word' id='word_1_14' title='bbox 1141 478 1196 536; x_wconf 91' lang='lat' dir='ltr'>cfr.</span> <span class='ocrx_word' id='word_1_15' title='bbox 1217 477 1276 536; x_wconf 88' lang='lat' dir='ltr'>Ics.</span> <span class='ocrx_word' id='word_1_16' title='bbox 1293 478 1368 551; x_wconf 86' lang='lat' dir='ltr'>XII,</span> 
     </span>
     <span class='ocr_line' id='line_1_4' title="bbox 264 577 1370 656; baseline 0 -17"><span class='ocrx_word' id='word_1_17' title='bbox 264 585 305 639; x_wconf 88' lang='grc'>13.</span> <span class='ocrx_word' id='word_1_18' title='bbox 322 580 430 652; x_wconf 90' lang='lat' dir='ltr'>XVII,</span> <span class='ocrx_word' id='word_1_19' title='bbox 451 585 481 650; x_wconf 84' lang='lat'>13</span> <span class='ocrx_word' id='word_1_20' title='bbox 505 578 584 636; x_wconf 83' lang='lat' dir='ltr'>Dan.</span> <span class='ocrx_word' id='word_1_21' title='bbox 602 578 693 651; x_wconf 88' lang='lat' dir='ltr'>VIII,</span> <span class='ocrx_word' id='word_1_22' title='bbox 713 583 764 651; x_wconf 75' lang='lat'>273</span> <span class='ocrx_word' id='word_1_23' title='bbox 790 577 932 638; x_wconf 77' lang='lat' dir='ltr'>Gnnmus</span> <span class='ocrx_word' id='word_1_24' title='bbox 955 597 1110 654; x_wconf 79' lang='lat' dir='ltr'>perperam</span> <span class='ocrx_word' id='word_1_25' title='bbox 1133 579 1238 638; x_wconf 80' lang='lat' dir='ltr'>vertit:</span> <span class='ocrx_word' id='word_1_26' title='bbox 1261 579 1370 656; x_wconf 83' lang='lat' dir='ltr'>depra-</span> 
     </span>
     <span class='ocr_line' id='line_1_5' title="bbox 261 679 1369 756; baseline -0.002 -15"><span class='ocrx_word' id='word_1_27' title='bbox 261 691 363 741; x_wconf 80' lang='lat' dir='ltr'>vatum</span> <span class='ocrx_word' id='word_1_28' title='bbox 388 689 434 740; x_wconf 89' lang='lat' dir='ltr'>est</span> <span class='ocrx_word' id='word_1_29' title='bbox 457 679 652 756; x_wconf 70' lang='lat' dir='ltr'>negligentis,</span> <span class='ocrx_word' id='word_1_30' title='bbox 677 689 707 738; x_wconf 88' lang='lat' dir='ltr'>et</span> <span class='ocrx_word' id='word_1_31' title='bbox 725 679 953 740; x_wconf 76' lang='lat' dir='ltr'>Sousonnunus</span> <span class='ocrx_word' id='word_1_32' title='bbox 975 679 1099 738; x_wconf 88' lang='lat' dir='ltr'>nimium</span> <span class='ocrx_word' id='word_1_33' title='bbox 1121 688 1211 738; x_wconf 83' lang='lat' dir='ltr'>tenax</span> <span class='ocrx_word' id='word_1_34' title='bbox 1237 682 1369 740; x_wconf 89' lang='lat' dir='ltr'>notionis</span> 
     </span>
     <span class='ocr_line' id='line_1_6' title="bbox 261 779 1368 858; baseline 0 -18"><span class='ocrx_word' id='word_1_35' title='bbox 261 784 376 841; x_wconf 80' lang='lat' dir='ltr'>formae</span> <span class='ocrx_word' id='word_1_36' title='bbox 392 781 468 840; x_wconf 84' lang='lat' dir='ltr'>Kal:</span> <span class='ocrx_word' id='word_1_37' title='bbox 486 781 590 840; x_wconf 77' lang='lat' dir='ltr'>attrito</span> <span class='ocrx_word' id='word_1_38' title='bbox 607 788 652 840; x_wconf 89' lang='lat' dir='ltr'>est</span> <span class='ocrx_word' id='word_1_39' title='bbox 669 782 708 839; x_wconf 83' lang='lat' dir='ltr'>ed</span> <span class='ocrx_word' id='word_1_40' title='bbox 727 800 797 840; x_wconf 87' lang='lat' dir='ltr'>ossa</span> <span class='ocrx_word' id='word_1_41' title='bbox 814 799 917 857; x_wconf 88' lang='lat' dir='ltr'>usque.</span> <span class='ocrx_word' id='word_1_42' title='bbox 948 779 1043 858; x_wconf 85' lang='lat' dir='ltr'>Syrns</span> <span class='ocrx_word' id='word_1_43' title='bbox 1060 781 1225 857; x_wconf 80' lang='lat' dir='ltr'>interpres,</span> <span class='ocrx_word' id='word_1_44' title='bbox 1245 783 1299 857; x_wconf 92' lang='lat' dir='ltr'>qui</span> <span class='ocrx_word' id='word_1_45' title='bbox 1316 803 1368 840; x_wconf 88' lang='lat' dir='ltr'>ex·</span> 
     </span>
     <span class='ocr_line' id='line_1_7' title="bbox 259 871 1368 959; baseline 0 -17"><span class='ocrx_word' id='word_1_46' title='bbox 259 885 342 944; x_wconf 88' lang='lat' dir='ltr'>hibet</span> <span class='ocrx_word' id='word_1_47' title='bbox 364 876 516 944; x_wconf 57' lang='lat' dir='ltr'>oio-affl</span> <span class='ocrx_word' id='word_1_48' title='bbox 535 871 689 952; x_wconf 56' lang='lat' dir='ltr'>amin-o</span> <span class='ocrx_word' id='word_1_49' title='bbox 707 883 846 959; x_wconf 82' lang='lat' dir='ltr'>apposite</span> <span class='ocrx_word' id='word_1_50' title='bbox 863 882 980 940; x_wconf 89' lang='lat' dir='ltr'>titulum</span> <span class='ocrx_word' id='word_1_51' title='bbox 997 883 1089 941; x_wconf 90' lang='lat' dir='ltr'>totins</span> <span class='ocrx_word' id='word_1_52' title='bbox 1107 881 1241 941; x_wconf 79' lang='lat' dir='ltr'><strong>vaticinii</strong></span> <span class='ocrx_word' id='word_1_53' title='bbox 1256 883 1290 940; x_wconf 91' lang='lat' dir='ltr'>in</span> <span class='ocrx_word' id='word_1_54' title='bbox 1308 903 1368 942; x_wconf 91' lang='lat' dir='ltr'>me-</span> 
     </span>
     <span class='ocr_line' id='line_1_8' title="bbox 259 982 1369 1060; baseline -0.002 -18"><span class='ocrx_word' id='word_1_55' title='bbox 259 985 384 1042; x_wconf 77' lang='lat' dir='ltr'>moriam</span> <span class='ocrx_word' id='word_1_56' title='bbox 402 982 563 1060; x_wconf 84' lang='lat' dir='ltr'>legentium</span> <span class='ocrx_word' id='word_1_57' title='bbox 580 991 716 1056; x_wconf 84' lang='lat' dir='ltr'>revocat,</span> <span class='ocrx_word' id='word_1_58' title='bbox 733 999 814 1048; x_wconf 61' lang='lat' dir='ltr'>muro</span> <span class='ocrx_word' id='word_1_59' title='bbox 844 987 928 1058; x_wconf 70' lang='lat' dir='ltr'>ntro,</span> <span class='ocrx_word' id='word_1_60' title='bbox 949 1002 1037 1059; x_wconf 91' lang='lat' dir='ltr'>quem</span> <span class='ocrx_word' id='word_1_61' title='bbox 1055 983 1159 1042; x_wconf 89' lang='lat' dir='ltr'>eodem</span> <span class='ocrx_word' id='word_1_62' title='bbox 1175 983 1226 1042; x_wconf 91' lang='lat' dir='ltr'>ille</span> <span class='ocrx_word' id='word_1_63' title='bbox 1244 1003 1369 1059; x_wconf 81' lang='lat' dir='ltr'>expres-</span> 
     </span>
     <span class='ocr_line' id='line_1_9' title="bbox 260 1083 1366 1161; baseline -0.001 -16"><span class='ocrx_word' id='word_1_64' title='bbox 260 1086 300 1145; x_wconf 90' lang='lat' dir='ltr'>sit</span> <span class='ocrx_word' id='word_1_65' title='bbox 318 1087 409 1145; x_wconf 90' lang='lat' dir='ltr'>verbo</span> <span class='ocrx_word' id='word_1_66' title='bbox 416 1106 425 1157; x_wconf 90' lang='lat'>;</span> <span class='ocrx_word' id='word_1_67' title='bbox 448 1084 500 1142; x_wconf 87' lang='lat' dir='ltr'>cfr.</span> <span class='ocrx_word' id='word_1_68' title='bbox 519 1083 558 1142; x_wconf 82' lang='lat' dir='ltr'>sd</span> <span class='ocrx_word' id='word_1_69' title='bbox 574 1084 606 1155; x_wconf 92' lang='lat' dir='ltr'>I,</span> <span class='ocrx_word' id='word_1_70' title='bbox 627 1090 651 1144; x_wconf 89' lang='lat' dir='ltr'>l.</span> <span class='ocrx_word' id='word_1_71' title='bbox 675 1117 711 1128; x_wconf 86' lang='lat'><em>-</em></span> <span class='ocrx_word' id='word_1_72' title='bbox 737 1083 854 1144; x_wconf 85' lang='lat' dir='ltr'>Suffixe</span> <span class='ocrx_word' id='word_1_73' title='bbox 876 1102 983 1143; x_wconf 82' lang='lat' dir='ltr'>masec.</span> <span class='ocrx_word' id='word_1_74' title='bbox 1007 1085 1131 1161; x_wconf 75' lang='lat' dir='ltr'>plagam·</span> <span class='ocrx_word' id='word_1_75' title='bbox 1152 1092 1181 1142; x_wconf 87' lang='lat' dir='ltr'>et</span> <span class='ocrx_word' id='word_1_76' title='bbox 1203 1085 1366 1144; x_wconf 74' lang='lat' dir='ltr'>fracturam</span> 
     </span>
     <span class='ocr_line' id='line_1_10' title="bbox 260 1184 1366 1262; baseline 0 -18"><span class='ocrx_word' id='word_1_77' title='bbox 260 1187 324 1262; x_wconf 86' lang='lat' dir='ltr'>regi</span> <span class='ocrx_word' id='word_1_78' title='bbox 341 1185 460 1262; x_wconf 86' lang='lat' dir='ltr'>quidem</span> <span class='ocrx_word' id='word_1_79' title='bbox 477 1184 618 1245; x_wconf 72' lang='lat' dir='ltr'>inflictam</span> <span class='ocrx_word' id='word_1_80' title='bbox 635 1203 701 1246; x_wconf 88' lang='lat' dir='ltr'>esse</span> <span class='ocrx_word' id='word_1_81' title='bbox 717 1185 893 1261; x_wconf 75' lang='lat' dir='ltr'>indigitant,</span> <span class='ocrx_word' id='word_1_82' title='bbox 917 1184 981 1262; x_wconf 89' lang='lat' dir='ltr'>regi</span> <span class='ocrx_word' id='word_1_83' title='bbox 1008 1194 1106 1244; x_wconf 85' lang='lat' dir='ltr'>autem</span> <span class='ocrx_word' id='word_1_84' title='bbox 1132 1204 1194 1244; x_wconf 91' lang='lat' dir='ltr'>non</span> <span class='ocrx_word' id='word_1_85' title='bbox 1222 1194 1366 1262; x_wconf 78' lang='lat' dir='ltr'>tanquam</span> 
     </span>
     <span class='ocr_line' id='line_1_11' title="bbox 262 1285 1367 1363; baseline 0.002 -19"><span class='ocrx_word' id='word_1_86' title='bbox 262 1286 374 1344; x_wconf 89' lang='lat' dir='ltr'>homini</span> <span class='ocrx_word' id='word_1_87' title='bbox 390 1285 507 1363; x_wconf 82' lang='lat' dir='ltr'>singulo</span> <span class='ocrx_word' id='word_1_88' title='bbox 525 1293 650 1362; x_wconf 88' lang='lat' dir='ltr'>propter</span> <span class='ocrx_word' id='word_1_89' title='bbox 666 1305 720 1346; x_wconf 83' lang='lat' dir='ltr'>sua</span> <span class='ocrx_word' id='word_1_90' title='bbox 737 1285 851 1362; x_wconf 81' lang='lat' dir='ltr'>flagitia</span> <span class='ocrx_word' id='word_1_91' title='bbox 868 1285 1046 1345; x_wconf 75' lang='lat' dir='ltr'>destinatam</span> <span class='ocrx_word' id='word_1_92' title='bbox 1062 1285 1289 1362; x_wconf 77' lang='lat' dir='ltr'>(Uunnmrmst</span> <span class='ocrx_word' id='word_1_93' title='bbox 1315 1307 1367 1361; x_wconf 85' lang='lat' dir='ltr'>„er</span> 
     </span>
     <span class='ocr_line' id='line_1_12' title="bbox 262 1385 1366 1464; baseline 0 -18"><span class='ocrx_word' id='word_1_94' title='bbox 262 1387 356 1446; x_wconf 89' lang='lat' dir='ltr'>selbst</span> <span class='ocrx_word' id='word_1_95' title='bbox 373 1388 461 1446; x_wconf 91' lang='lat' dir='ltr'>stirbt</span> <span class='ocrx_word' id='word_1_96' title='bbox 478 1386 546 1460; x_wconf 91' lang='lat' dir='ltr'>hin,</span> <span class='ocrx_word' id='word_1_97' title='bbox 571 1388 647 1446; x_wconf 90' lang='lat' dir='ltr'>ohne</span> <span class='ocrx_word' id='word_1_98' title='bbox 663 1387 834 1464; x_wconf 84' lang='lat' dir='ltr'>Lindemng</span> <span class='ocrx_word' id='word_1_99' title='bbox 860 1387 913 1444; x_wconf 88' lang='lat' dir='ltr'>der</span> <span class='ocrx_word' id='word_1_100' title='bbox 929 1385 1121 1459; x_wconf 70' lang='lat' dir='ltr'>submerum,</span> <span class='ocrx_word' id='word_1_101' title='bbox 1145 1406 1184 1445; x_wconf 82' lang='lat' dir='ltr'>cn</span> <span class='ocrx_word' id='word_1_102' title='bbox 1208 1388 1366 1446; x_wconf 81' lang='lat' dir='ltr'>t6dtlicher</span> 
     </span>
     <span class='ocr_line' id='line_1_13' title="bbox 261 1488 1364 1567; baseline 0.003 -20"><span class='ocrx_word' id='word_1_103' title='bbox 261 1489 525 1566; x_wconf 85' lang='lat' dir='ltr'>Verwundung“),</span> <span class='ocrx_word' id='word_1_104' title='bbox 544 1488 597 1546; x_wconf 89' lang='lat' dir='ltr'>sed</span> <span class='ocrx_word' id='word_1_105' title='bbox 615 1507 650 1546; x_wconf 88' lang='lat' dir='ltr'>so</span> <span class='ocrx_word' id='word_1_106' title='bbox 668 1489 801 1561; x_wconf 88' lang='lat' dir='ltr'>nomine,</span> <span class='ocrx_word' id='word_1_107' title='bbox 821 1505 880 1565; x_wconf 91' lang='lat' dir='ltr'>quo</span> <span class='ocrx_word' id='word_1_108' title='bbox 905 1495 1001 1546; x_wconf 90' lang='lat' dir='ltr'>totum</span> <span class='ocrx_word' id='word_1_109' title='bbox 1024 1507 1148 1564; x_wconf 86' lang='lat' dir='ltr'>regnum</span> <span class='ocrx_word' id='word_1_110' title='bbox 1172 1489 1259 1548; x_wconf 90' lang='lat' dir='ltr'>unius</span> <span class='ocrx_word' id='word_1_111' title='bbox 1287 1490 1364 1567; x_wconf 85' lang='lat' dir='ltr'>regis</span> 
     </span>
     <span class='ocr_line' id='line_1_14' title="bbox 259 1588 1364 1668; baseline 0.001 -19"><span class='ocrx_word' id='word_1_112' title='bbox 259 1609 388 1666; x_wconf 87' lang='lat' dir='ltr'>persone</span> <span class='ocrx_word' id='word_1_113' title='bbox 405 1589 648 1665; x_wconf 88' lang='lat' dir='ltr'>comprehensum</span> <span class='ocrx_word' id='word_1_114' title='bbox 666 1590 814 1666; x_wconf 81' lang='lat' dir='ltr'>cogitatur</span> <span class='ocrx_word' id='word_1_115' title='bbox 830 1589 965 1668; x_wconf 86' lang='lat' dir='ltr'>(H1rz.);</span> <span class='ocrx_word' id='word_1_116' title='bbox 977 1589 1010 1646; x_wconf 91' lang='lat' dir='ltr'>id</span> <span class='ocrx_word' id='word_1_117' title='bbox 1023 1588 1103 1666; x_wconf 90' lang='lat' dir='ltr'>quod</span> <span class='ocrx_word' id='word_1_118' title='bbox 1116 1597 1178 1648; x_wconf 87' lang='lat' dir='ltr'>tsm</span> <span class='ocrx_word' id='word_1_119' title='bbox 1192 1609 1208 1648; x_wconf 94' lang='lat' dir='ltr'>e</span> <span class='ocrx_word' id='word_1_120' title='bbox 1220 1609 1307 1668; x_wconf 86' lang='lat' dir='ltr'>seqq.</span> <span class='ocrx_word' id='word_1_121' title='bbox 1319 1611 1364 1650; x_wconf 85' lang='lat' dir='ltr'>vv.</span> 
     </span>
     <span class='ocr_line' id='line_1_15' title="bbox 260 1687 1366 1771; baseline 0.002 -22"><span class='ocrx_word' id='word_1_122' title='bbox 260 1687 302 1770; x_wconf 82' lang='lat' dir='ltr'>(&#39;&#39;l</span> <span class='ocrx_word' id='word_1_123' title='bbox 323 1691 355 1753; x_wconf 74' lang='lat' dir='ltr'>&#39;v</span> <span class='ocrx_word' id='word_1_124' title='bbox 375 1687 479 1771; x_wconf 61' lang='lat' dir='ltr'>oron),</span> <span class='ocrx_word' id='word_1_125' title='bbox 503 1709 592 1767; x_wconf 85' lang='lat' dir='ltr'>qnam</span> <span class='ocrx_word' id='word_1_126' title='bbox 610 1710 626 1748; x_wconf 90' lang='lat' dir='ltr'>e</span> <span class='ocrx_word' id='word_1_127' title='bbox 644 1691 760 1750; x_wconf 77' lang='lat' dir='ltr'>collatis</span> <span class='ocrx_word' id='word_1_128' title='bbox 777 1710 825 1748; x_wconf 88' lang='lat' dir='ltr'>vv.</span> <span class='ocrx_word' id='word_1_129' title='bbox 844 1690 873 1763; x_wconf 87' lang='grc' dir='ltr'>Ι,</span> <span class='ocrx_word' id='word_1_130' title='bbox 894 1695 926 1748; x_wconf 84' lang='lat'>14</span> <span class='ocrx_word' id='word_1_131' title='bbox 950 1699 1083 1766; x_wconf 80' lang='lat' dir='ltr'>apparet.</span> <span class='ocrx_word' id='word_1_132' title='bbox 1102 1725 1138 1734; x_wconf 93' lang='lat'><em>-</em></span> <span class='ocrx_word' id='word_1_133' title='bbox 1159 1689 1299 1750; x_wconf 82' lang='lat' dir='ltr'>Ceterum</span> <span class='ocrx_word' id='word_1_134' title='bbox 1316 1713 1366 1751; x_wconf 91' lang='lat' dir='ltr'>no-</span> 
     </span>
     <span class='ocr_line' id='line_1_16' title="bbox 261 1777 1453 1868; baseline 0.003 -19"><span class='ocrx_word' id='word_1_135' title='bbox 261 1792 383 1849; x_wconf 77' lang='lat' dir='ltr'>tandum</span> <span class='ocrx_word' id='word_1_136' title='bbox 407 1800 452 1849; x_wconf 86' lang='lat' dir='ltr'>est</span> <span class='ocrx_word' id='word_1_137' title='bbox 469 1790 619 1868; x_wconf 83' lang='lat' dir='ltr'>egregium</span> <span class='ocrx_word' id='word_1_138' title='bbox 637 1791 859 1861; x_wconf 83' lang='lat' dir='ltr'>documentum,</span> <span class='ocrx_word' id='word_1_139' title='bbox 881 1791 963 1867; x_wconf 91' lang='lat' dir='ltr'>quod</span> <span class='ocrx_word' id='word_1_140' title='bbox 984 1811 1023 1848; x_wconf 85' lang='lat' dir='ltr'>ex</span> <span class='ocrx_word' id='word_1_141' title='bbox 1048 1791 1095 1850; x_wconf 89' lang='lat' dir='ltr'>his</span> <span class='ocrx_word' id='word_1_142' title='bbox 1119 1791 1219 1851; x_wconf 87' lang='lat' dir='ltr'>verbis</span> <span class='ocrx_word' id='word_1_143' title='bbox 1245 1793 1287 1851; x_wconf 81' lang='lat' dir='ltr'>nd</span> <span class='ocrx_word' id='word_1_144' title='bbox 1304 1813 1367 1854; x_wconf 78' lang='lat' dir='ltr'>earn</span> <span class='ocrx_word' id='word_1_145' title='bbox 1452 1777 1453 1784; x_wconf 8' lang='grc' dir='ltr'>ἵ</span> 
     </span>
     <span class='ocr_line' id='line_1_17' title="bbox 260 1891 1367 1968; baseline 0.005 -19"><span class='ocrx_word' id='word_1_146' title='bbox 260 1899 438 1968; x_wconf 82' lang='lat' dir='ltr'>potestatem</span> <span class='ocrx_word' id='word_1_147' title='bbox 455 1892 537 1950; x_wconf 88' lang='lat' dir='ltr'>verbi</span> <span class='ocrx_word' id='word_1_148' title='bbox 565 1907 638 1950; x_wconf 75' lang='lat' dir='ltr'>nmo</span> <span class='ocrx_word' id='word_1_149' title='bbox 656 1893 817 1965; x_wconf 84' lang='lat' dir='ltr'>redundat,</span> <span class='ocrx_word' id='word_1_150' title='bbox 837 1911 926 1968; x_wconf 87' lang='lat' dir='ltr'>quem</span> <span class='ocrx_word' id='word_1_151' title='bbox 944 1911 1000 1950; x_wconf 91' lang='lat' dir='ltr'>nos</span> <span class='ocrx_word' id='word_1_152' title='bbox 1017 1891 1056 1950; x_wconf 83' lang='lat' dir='ltr'>sd</span> <span class='ocrx_word' id='word_1_153' title='bbox 1069 1911 1094 1952; x_wconf 87' lang='lat' dir='ltr'>c.</span> <span class='ocrx_word' id='word_1_154' title='bbox 1107 1892 1138 1963; x_wconf 89' lang='lat' dir='ltr'>I,</span> <span class='ocrx_word' id='word_1_155' title='bbox 1155 1897 1167 1949; x_wconf 95' lang='lat' dir='ltr'>l</span> <span class='ocrx_word' id='word_1_156' title='bbox 1182 1893 1367 1954; x_wconf 83' lang='lat' dir='ltr'>demonstra·</span> 
     </span>
     <span class='ocr_line' id='line_1_18' title="bbox 260 1991 1367 2067; baseline 0.005 -17"><span class='ocrx_word' id='word_1_157' title='bbox 260 1991 364 2050; x_wconf 88' lang='lat' dir='ltr'>vimus.</span> <span class='ocrx_word' id='word_1_158' title='bbox 382 1991 435 2049; x_wconf 81' lang='lat' dir='ltr'>cfr.</span> <span class='ocrx_word' id='word_1_159' title='bbox 453 2011 482 2067; x_wconf 88' lang='lat' dir='ltr'>p.</span> <span class='ocrx_word' id='word_1_160' title='bbox 495 1997 520 2049; x_wconf 88' lang='lat'>6.</span> <span class='ocrx_word' id='word_1_161' title='bbox 544 2025 580 2034; x_wconf 92' lang='lat'>-—</span> <span class='ocrx_word' id='word_1_162' title='bbox 607 1991 768 2067; x_wconf 85' lang='lat' dir='ltr'>Copiosius</span> <span class='ocrx_word' id='word_1_163' title='bbox 786 1994 909 2052; x_wconf 78' lang='lat' dir='ltr'>eandem</span> <span class='ocrx_word' id='word_1_164' title='bbox 931 1993 1107 2052; x_wconf 85' lang='lat' dir='ltr'>sententiam</span> <span class='ocrx_word' id='word_1_165' title='bbox 1130 1993 1208 2052; x_wconf 80' lang='lat' dir='ltr'>dixit</span> <span class='ocrx_word' id='word_1_166' title='bbox 1224 1995 1367 2056; x_wconf 86' lang='lat' dir='ltr'>Ieremics</span> 
     </span>
     <span class='ocr_line' id='line_1_19' title="bbox 259 2090 1367 2174; baseline 0.006 -25"><span class='ocrx_word' id='word_1_167' title='bbox 259 2091 316 2165; x_wconf 84' lang='lat' dir='ltr'>LI,</span> <span class='ocrx_word' id='word_1_168' title='bbox 336 2111 363 2148; x_wconf 91' lang='lat' dir='ltr'>v.</span> <span class='ocrx_word' id='word_1_169' title='bbox 374 2094 399 2149; x_wconf 88' lang='lat'>8.</span> <span class='ocrx_word' id='word_1_170' title='bbox 419 2095 444 2151; x_wconf 83' lang='lat'>9.</span> <span class='ocrx_word' id='word_1_171' title='bbox 470 2090 598 2165; x_wconf 85' lang='lat' dir='ltr'>„Subito</span> <span class='ocrx_word' id='word_1_172' title='bbox 621 2093 750 2150; x_wconf 80' lang='lat' dir='ltr'>concidit</span> <span class='ocrx_word' id='word_1_173' title='bbox 765 2093 861 2152; x_wconf 83' lang='lat' dir='ltr'>Babel</span> <span class='ocrx_word' id='word_1_174' title='bbox 884 2103 914 2153; x_wconf 89' lang='lat' dir='ltr'>et</span> <span class='ocrx_word' id='word_1_175' title='bbox 935 2095 1030 2152; x_wconf 77' lang='lat' dir='ltr'>fracta</span> <span class='ocrx_word' id='word_1_176' title='bbox 1053 2103 1114 2166; x_wconf 89' lang='lat' dir='ltr'>est;</span> <span class='ocrx_word' id='word_1_177' title='bbox 1139 2095 1252 2154; x_wconf 87' lang='lat' dir='ltr'>ululate</span> <span class='ocrx_word' id='word_1_178' title='bbox 1277 2117 1367 2174; x_wconf 87' lang='lat' dir='ltr'>snper</span> 
     </span>
     <span class='ocr_line' id='line_1_20' title="bbox 260 2174 1366 2270; baseline 0.005 -20"><span class='ocrx_word' id='word_1_179' title='bbox 260 2211 342 2265; x_wconf 82' lang='lat' dir='ltr'>eum,</span> <span class='ocrx_word' id='word_1_180' title='bbox 367 2192 473 2250; x_wconf 89' lang='lat' dir='ltr'>sumite</span> <span class='ocrx_word' id='word_1_181' title='bbox 491 2201 640 2270; x_wconf 85' lang='lat' dir='ltr'>unguente</span> <span class='ocrx_word' id='word_1_182' title='bbox 656 2174 712 2270; x_wconf 88' lang='lat' dir='ltr'>pro</span> <span class='ocrx_word' id='word_1_183' title='bbox 731 2194 834 2253; x_wconf 88' lang='lat' dir='ltr'>dolore</span> <span class='ocrx_word' id='word_1_184' title='bbox 852 2195 933 2268; x_wconf 90' lang='lat' dir='ltr'>eius,</span> <span class='ocrx_word' id='word_1_185' title='bbox 957 2195 983 2254; x_wconf 92' lang='lat' dir='ltr'>si</span> <span class='ocrx_word' id='word_1_186' title='bbox 1000 2195 1078 2254; x_wconf 80' lang='lat' dir='ltr'>forte</span> <span class='ocrx_word' id='word_1_187' title='bbox 1094 2197 1247 2254; x_wconf 79' lang='lat' dir='ltr'>medeatur</span> <span class='ocrx_word' id='word_1_188' title='bbox 1266 2199 1313 2255; x_wconf 90' lang='lat' dir='ltr'>eil</span> <span class='ocrx_word' id='word_1_189' title='bbox 1330 2233 1366 2242; x_wconf 88' lang='lat'><em>-</em></span> 
     </span>
     <span class='ocr_line' id='line_1_21' title="bbox 259 2292 1366 2362; baseline 0.005 -9"><span class='ocrx_word' id='word_1_190' title='bbox 259 2327 295 2338; x_wconf 90' lang='lat'>--</span> <span class='ocrx_word' id='word_1_191' title='bbox 314 2292 461 2354; x_wconf 75' lang='lat' dir='ltr'>(iuremus</span> <span class='ocrx_word' id='word_1_192' title='bbox 478 2295 621 2355; x_wconf 84' lang='lat' dir='ltr'>Babelem</span> <span class='ocrx_word' id='word_1_193' title='bbox 638 2315 693 2356; x_wconf 89' lang='lat' dir='ltr'>nec</span> <span class='ocrx_word' id='word_1_194' title='bbox 709 2304 833 2356; x_wconf 74' lang='lat' dir='ltr'>senatur</span> <span class='ocrx_word' id='word_1_195' title='bbox 856 2331 892 2340; x_wconf 89' lang='lat'><em>-</em></span> <span class='ocrx_word' id='word_1_196' title='bbox 917 2296 1111 2362; x_wconf 82' lang='lat' dir='ltr'>destituemus</span> <span class='ocrx_word' id='word_1_197' title='bbox 1136 2317 1202 2355; x_wconf 83' lang='lat' dir='ltr'>eam</span> <span class='ocrx_word' id='word_1_198' title='bbox 1224 2307 1256 2357; x_wconf 90' lang='lat' dir='ltr'>et</span> <span class='ocrx_word' id='word_1_199' title='bbox 1278 2301 1366 2359; x_wconf 81' lang='lat' dir='ltr'>ebes·</span> 
     </span>
     <span class='ocr_line' id='line_1_22' title="bbox 259 2396 1366 2474; baseline 0.008 -21"><span class='ocrx_word' id='word_1_200' title='bbox 259 2414 325 2454; x_wconf 84' lang='lat' dir='ltr'>mus</span> <span class='ocrx_word' id='word_1_201' title='bbox 348 2396 387 2454; x_wconf 82' lang='lat' dir='ltr'>cd</span> <span class='ocrx_word' id='word_1_202' title='bbox 410 2415 494 2456; x_wconf 84' lang='lat' dir='ltr'>susm</span> <span class='ocrx_word' id='word_1_203' title='bbox 511 2396 638 2474; x_wconf 87' lang='lat' dir='ltr'>quisque</span> <span class='ocrx_word' id='word_1_204' title='bbox 656 2405 785 2470; x_wconf 82' lang='lat' dir='ltr'>terrem3</span> <span class='ocrx_word' id='word_1_205' title='bbox 809 2417 876 2456; x_wconf 83' lang='lat' dir='ltr'>nem</span> <span class='ocrx_word' id='word_1_206' title='bbox 900 2398 995 2474; x_wconf 83' lang='lat' dir='ltr'>tangit</span> <span class='ocrx_word' id='word_1_207' title='bbox 1017 2399 1116 2458; x_wconf 89' lang='lat' dir='ltr'>coelos</span> <span class='ocrx_word' id='word_1_208' title='bbox 1136 2397 1279 2460; x_wconf 90' lang='lat' dir='ltr'>iudicium</span> <span class='ocrx_word' id='word_1_209' title='bbox 1305 2403 1366 2463; x_wconf 89' lang='lat' dir='ltr'>eius</span> 
     </span>
     <span class='ocr_line' id='line_1_23' title="bbox 260 2498 795 2576; baseline 0 -21"><span class='ocrx_word' id='word_1_210' title='bbox 260 2505 290 2555; x_wconf 85' lang='lat' dir='ltr'>et</span> <span class='ocrx_word' id='word_1_211' title='bbox 305 2498 415 2556; x_wconf 87' lang='lat' dir='ltr'>elatum</span> <span class='ocrx_word' id='word_1_212' title='bbox 432 2507 588 2576; x_wconf 87' lang='lat' dir='ltr'>estusque</span> <span class='ocrx_word' id='word_1_213' title='bbox 605 2499 643 2556; x_wconf 83' lang='lat' dir='ltr'>ad</span> <span class='ocrx_word' id='word_1_214' title='bbox 660 2499 795 2558; x_wconf 88' lang='lat' dir='ltr'>nubesl“</span> 
     </span>
    </p>

    <p class='ocr_par' dir='ltr' id='par_1_4' title="bbox 309 2598 1366 2677">
     <span class='ocr_line' id='line_1_24' title="bbox 309 2598 1366 2677; baseline 0.005 -19"><span class='ocrx_word' id='word_1_215' title='bbox 309 2599 376 2658; x_wconf 84' lang='lat' dir='ltr'>Iam</span> <span class='ocrx_word' id='word_1_216' title='bbox 392 2598 463 2676; x_wconf 85' lang='lat' dir='ltr'>quie</span> <span class='ocrx_word' id='word_1_217' title='bbox 485 2607 568 2658; x_wconf 80' lang='lat' dir='ltr'>tenta</span> <span class='ocrx_word' id='word_1_218' title='bbox 593 2611 638 2659; x_wconf 86' lang='lat' dir='ltr'>est</span> <span class='ocrx_word' id='word_1_219' title='bbox 654 2599 849 2677; x_wconf 81' lang='lat' dir='ltr'>Assyriorum</span> <span class='ocrx_word' id='word_1_220' title='bbox 873 2600 1042 2674; x_wconf 78' lang='lat' dir='ltr'>calamites,</span> <span class='ocrx_word' id='word_1_221' title='bbox 1066 2608 1101 2659; x_wconf 89' lang='lat' dir='ltr'>ut</span> <span class='ocrx_word' id='word_1_222' title='bbox 1123 2600 1273 2677; x_wconf 80' lang='lat' dir='ltr'>respirare</span> <span class='ocrx_word' id='word_1_223' title='bbox 1297 2603 1366 2662; x_wconf 83' lang='lat' dir='ltr'>inde</span> 
     </span>
    </p>
   </div>
   <div class='ocr_carea' id='block_1_4' title="bbox 257 2700 1453 2779">
    <p class='ocr_par' dir='ltr' id='par_1_5' title="bbox 257 2700 1453 2779">
     <span class='ocr_line' id='line_1_25' title="bbox 257 2700 1453 2779; baseline 0.005 -20"><span class='ocrx_word' id='word_1_224' title='bbox 257 2719 411 2777; x_wconf 82' lang='lat' dir='ltr'>nunqnam</span> <span class='ocrx_word' id='word_1_225' title='bbox 434 2700 570 2775; x_wconf 78' lang='lat' dir='ltr'>valeant,</span> <span class='ocrx_word' id='word_1_226' title='bbox 595 2701 659 2760; x_wconf 87' lang='lat' dir='ltr'>iure</span> <span class='ocrx_word' id='word_1_227' title='bbox 680 2701 855 2777; x_wconf 82' lang='lat' dir='ltr'>plaudentes</span> <span class='ocrx_word' id='word_1_228' title='bbox 877 2701 1081 2778; x_wconf 80' lang='lat' dir='ltr'>lactentesque</span> <span class='ocrx_word' id='word_1_229' title='bbox 1111 2710 1214 2778; x_wconf 85' lang='lat' dir='ltr'>gentes</span> <span class='ocrx_word' id='word_1_230' title='bbox 1243 2723 1366 2779; x_wconf 82' lang='lat' dir='ltr'>praesa·</span> <span class='ocrx_word' id='word_1_231' title='bbox 1452 2705 1453 2724; x_wconf 64' lang='lat'>¹</span> 
     </span>
    </p>
   </div>
   <div class='ocr_carea' id='block_1_5' title="bbox 257 2801 1453 3083">
    <p class='ocr_par' dir='ltr' id='par_1_6' title="bbox 257 2801 1453 3083">
     <span class='ocr_line' id='line_1_26' title="bbox 257 2801 1453 2894; baseline 0.003 -34"><span class='ocrx_word' id='word_1_232' title='bbox 257 2803 356 2879; x_wconf 85' lang='lat' dir='ltr'>giente</span> <span class='ocrx_word' id='word_1_233' title='bbox 372 2801 472 2860; x_wconf 83' lang='lat' dir='ltr'>animo</span> <span class='ocrx_word' id='word_1_234' title='bbox 489 2803 572 2861; x_wconf 84' lang='lat' dir='ltr'>audit</span> <span class='ocrx_word' id='word_1_235' title='bbox 588 2810 688 2875; x_wconf 83' lang='lat' dir='ltr'>vates,</span> <span class='ocrx_word' id='word_1_236' title='bbox 714 2823 790 2880; x_wconf 84' lang='lat' dir='ltr'>quoe</span> <span class='ocrx_word' id='word_1_237' title='bbox 813 2804 851 2863; x_wconf 84' lang='lat' dir='ltr'>cb</span> <span class='ocrx_word' id='word_1_238' title='bbox 875 2803 946 2878; x_wconf 85' lang='lat' dir='ltr'>iugo</span> <span class='ocrx_word' id='word_1_239' title='bbox 969 2803 1107 2862; x_wconf 86' lang='lat' dir='ltr'>diuturno</span> <span class='ocrx_word' id='word_1_240' title='bbox 1134 2812 1164 2860; x_wconf 90' lang='lat' dir='ltr'>et</span> <span class='ocrx_word' id='word_1_241' title='bbox 1188 2807 1367 2864; x_wconf 82' lang='lat' dir='ltr'>exsecrabili</span> <span class='ocrx_word' id='word_1_242' title='bbox 1452 2847 1453 2894; x_wconf 66' lang='lat'>3</span> 
     </span>
     <span class='ocr_line' id='line_1_27' title="bbox 258 2902 1364 2980; baseline 0.003 -19"><span class='ocrx_word' id='word_1_243' title='bbox 258 2903 431 2961; x_wconf 82' lang='lat' dir='ltr'>crudelitate</span> <span class='ocrx_word' id='word_1_244' title='bbox 447 2905 565 2962; x_wconf 83' lang='lat' dir='ltr'>tandem</span> <span class='ocrx_word' id='word_1_245' title='bbox 579 2914 648 2962; x_wconf 87' lang='lat' dir='ltr'>sunt</span> <span class='ocrx_word' id='word_1_246' title='bbox 660 2902 812 2964; x_wconf 82' lang='lat' dir='ltr'>liberatae.</span> <span class='ocrx_word' id='word_1_247' title='bbox 839 2904 941 2962; x_wconf 79' lang='lat' dir='ltr'>Omnes</span> <span class='ocrx_word' id='word_1_248' title='bbox 954 2907 1003 2980; x_wconf 80' lang='lat' dir='ltr'>qui</span> <span class='ocrx_word' id='word_1_249' title='bbox 1021 2905 1143 2962; x_wconf 80' lang='lat' dir='ltr'>audiunt</span> <span class='ocrx_word' id='word_1_250' title='bbox 1152 2906 1268 2978; x_wconf 79' lang='lat' dir='ltr'>fumum</span> <span class='ocrx_word' id='word_1_251' title='bbox 1287 2916 1364 2965; x_wconf 80' lang='lat' dir='ltr'>tuam</span> 
     </span>
     <span class='ocr_line' id='line_1_28' title="bbox 259 3001 1453 3083; baseline 0.003 -23"><span class='ocrx_word' id='word_1_252' title='bbox 259 3021 282 3060; x_wconf 89' lang='lat' dir='ltr'>s.</span> <span class='ocrx_word' id='word_1_253' title='bbox 300 3002 498 3074; x_wconf 79' lang='lat' dir='ltr'>auditionem,</span> <span class='ocrx_word' id='word_1_254' title='bbox 522 3003 631 3060; x_wconf 88' lang='lat' dir='ltr'>excidii</span> <span class='ocrx_word' id='word_1_255' title='bbox 649 3003 786 3062; x_wconf 86' lang='lat' dir='ltr'>nimirum</span> <span class='ocrx_word' id='word_1_256' title='bbox 804 3005 848 3063; x_wconf 87' lang='lat' dir='ltr'>tui</span> <span class='ocrx_word' id='word_1_257' title='bbox 865 3014 954 3083; x_wconf 81' lang='lat' dir='ltr'>utque</span> <span class='ocrx_word' id='word_1_258' title='bbox 970 3004 1125 3078; x_wconf 86' lang='lat' dir='ltr'>interitus,</span> <span class='ocrx_word' id='word_1_259' title='bbox 1150 3005 1203 3082; x_wconf 87' lang='lat' dir='ltr'>(de</span> <span class='ocrx_word' id='word_1_260' title='bbox 1220 3007 1365 3067; x_wconf 87' lang='lat' dir='ltr'>eiusmodi</span> <span class='ocrx_word' id='word_1_261' title='bbox 1452 3001 1453 3056; x_wconf 71' lang='lat' dir='ltr'>l</span> 
     </span>
    </p>
   </div>
   <div class='ocr_carea' id='block_1_6' title="bbox 258 3099 1453 3181">
    <p class='ocr_par' dir='ltr' id='par_1_7' title="bbox 258 3099 1453 3181">
     <span class='ocr_line' id='line_1_29' title="bbox 258 3099 1453 3181; baseline 0.008 -22"><span class='ocrx_word' id='word_1_262' title='bbox 258 3099 381 3178; x_wconf 79' lang='lat' dir='ltr'>genitivi</span> <span class='ocrx_word' id='word_1_263' title='bbox 398 3099 537 3160; x_wconf 85' lang='lat' dir='ltr'>obiectivi</span> <span class='ocrx_word' id='word_1_264' title='bbox 554 3102 671 3160; x_wconf 80' lang='lat' dir='ltr'>ratione</span> <span class='ocrx_word' id='word_1_265' title='bbox 687 3105 740 3162; x_wconf 86' lang='lat' dir='ltr'>cfr.</span> <span class='ocrx_word' id='word_1_266' title='bbox 758 3104 946 3165; x_wconf 79' lang='lat' dir='ltr'>Dnmrzscu.</span> <span class='ocrx_word' id='word_1_267' title='bbox 964 3107 1003 3166; x_wconf 82' lang='lat' dir='ltr'>ed</span> <span class='ocrx_word' id='word_1_268' title='bbox 1020 3106 1100 3166; x_wconf 84' lang='lat' dir='ltr'>Hab.</span> <span class='ocrx_word' id='word_1_269' title='bbox 1112 3106 1175 3180; x_wconf 90' lang='lat' dir='ltr'>III,</span> <span class='ocrx_word' id='word_1_270' title='bbox 1193 3112 1226 3181; x_wconf 78' lang='lat'>2,</span> <span class='ocrx_word' id='word_1_271' title='bbox 1245 3110 1299 3168; x_wconf 91' lang='lat' dir='ltr'>ubi</span> <span class='ocrx_word' id='word_1_272' title='bbox 1317 3129 1364 3168; x_wconf 83' lang='lat' dir='ltr'>eo·</span> <span class='ocrx_word' id='word_1_273' title='bbox 1452 3137 1453 3142; x_wconf 44' lang='lat'>¹</span> 
     </span>
    </p>
   </div>
   <div class='ocr_carea' id='block_1_7' title="bbox 256 3191 1364 4390">
    <p class='ocr_par' dir='ltr' id='par_1_8' title="bbox 256 3191 1364 4390">
     <span class='ocr_line' id='line_1_30' title="bbox 258 3191 1363 3288; baseline 0.009 -29"><span class='ocrx_word' id='word_1_274' title='bbox 258 3201 325 3259; x_wconf 91' lang='lat' dir='ltr'>dem</span> <span class='ocrx_word' id='word_1_275' title='bbox 343 3200 480 3276; x_wconf 84' lang='lat' dir='ltr'>leguntur</span> <span class='ocrx_word' id='word_1_276' title='bbox 497 3203 603 3280; x_wconf 81' lang='lat' dir='ltr'>verba)</span> <span class='ocrx_word' id='word_1_277' title='bbox 615 3204 759 3278; x_wconf 77' lang='lat' dir='ltr'>plaudunt</span> <span class='ocrx_word' id='word_1_278' title='bbox 774 3223 860 3264; x_wconf 81' lang='lat' dir='ltr'>mono</span> <span class='ocrx_word' id='word_1_279' title='bbox 877 3226 902 3266; x_wconf 84' lang='lat' dir='ltr'>s.</span> <span class='ocrx_word' id='word_1_280' title='bbox 919 3191 992 3267; x_wconf 76' lang='lat' dir='ltr'>vole</span> <span class='ocrx_word' id='word_1_281' title='bbox 1006 3207 1290 3288; x_wconf 65' lang='lat' dir='ltr'>(morcinctum),</span> <span class='ocrx_word' id='word_1_282' title='bbox 1310 3211 1363 3269; x_wconf 84' lang='lat' dir='ltr'>cfr.</span> 
     </span>
     <span class='ocr_line' id='line_1_31' title="bbox 258 3301 1364 3388; baseline 0.009 -28"><span class='ocrx_word' id='word_1_283' title='bbox 258 3303 310 3362; x_wconf 88' lang='lat' dir='ltr'>Ps.</span> <span class='ocrx_word' id='word_1_284' title='bbox 334 3301 466 3377; x_wconf 90' lang='lat' dir='ltr'>XLVII,</span> <span class='ocrx_word' id='word_1_285' title='bbox 491 3308 517 3363; x_wconf 76' lang='lat'>2.</span> <span class='ocrx_word' id='word_1_286' title='bbox 541 3303 903 3381; x_wconf 74' lang='lat' dir='ltr'>0011.chcv111,8;</span> <span class='ocrx_word' id='word_1_287' title='bbox 933 3309 990 3369; x_wconf 90' lang='lat' dir='ltr'>les.</span> <span class='ocrx_word' id='word_1_288' title='bbox 1008 3310 1073 3382; x_wconf 89' lang='lat' dir='ltr'>LV,</span> <span class='ocrx_word' id='word_1_289' title='bbox 1091 3315 1123 3382; x_wconf 75' lang='lat'>23</span> <span class='ocrx_word' id='word_1_290' title='bbox 1147 3328 1207 3369; x_wconf 90' lang='lat' dir='ltr'>non</span> <span class='ocrx_word' id='word_1_291' title='bbox 1231 3312 1364 3388; x_wconf 88' lang='lat' dir='ltr'>stuporis</span> 
     </span>
     <span class='ocr_line' id='line_1_32' title="bbox 257 3403 1363 3494; baseline 0.009 -32"><span class='ocrx_word' id='word_1_292' title='bbox 257 3403 434 3481; x_wconf 73' lang='lat' dir='ltr'>(Emeum),</span> <span class='ocrx_word' id='word_1_293' title='bbox 453 3407 504 3465; x_wconf 89' lang='lat' dir='ltr'>sed</span> <span class='ocrx_word' id='word_1_294' title='bbox 522 3405 654 3465; x_wconf 81' lang='lat' dir='ltr'>laetitiae</span> <span class='ocrx_word' id='word_1_295' title='bbox 670 3415 699 3464; x_wconf 87' lang='lat' dir='ltr'>et</span> <span class='ocrx_word' id='word_1_296' title='bbox 716 3406 816 3484; x_wconf 76' lang='lat' dir='ltr'>gaudii</span> <span class='ocrx_word' id='word_1_297' title='bbox 833 3417 950 3486; x_wconf 84' lang='lat' dir='ltr'>gestns3</span> <span class='ocrx_word' id='word_1_298' title='bbox 969 3409 1137 3470; x_wconf 77' lang='lat' dir='ltr'>Ormnnus:</span> <span class='ocrx_word' id='word_1_299' title='bbox 1158 3403 1363 3494; x_wconf 79' lang='grc' dir='ltr'><strong><em>χαρήσονται</em></strong></span> 
     </span>
     <span class='ocr_line' id='line_1_33' title="bbox 260 3496 1361 3588; baseline 0.009 -25"><span class='ocrx_word' id='word_1_300' title='bbox 260 3503 318 3564; x_wconf 79' lang='grc' dir='ltr'>καὶ</span> <span class='ocrx_word' id='word_1_301' title='bbox 347 3496 559 3588; x_wconf 76' lang='grc' dir='ltr'>κροτήσουσι.</span> <span class='ocrx_word' id='word_1_302' title='bbox 585 3507 677 3566; x_wconf 81' lang='lat' dir='ltr'>Haud</span> <span class='ocrx_word' id='word_1_303' title='bbox 693 3527 778 3568; x_wconf 91' lang='lat' dir='ltr'>secus</span> <span class='ocrx_word' id='word_1_304' title='bbox 795 3509 861 3570; x_wconf 78' lang='lat' dir='ltr'>eills</span> <span class='ocrx_word' id='word_1_305' title='bbox 879 3510 968 3584; x_wconf 87' lang='lat' dir='ltr'>locis,</span> <span class='ocrx_word' id='word_1_306' title='bbox 987 3512 1136 3588; x_wconf 81' lang='lat' dir='ltr'>descripto</span> <span class='ocrx_word' id='word_1_307' title='bbox 1151 3513 1361 3586; x_wconf 84' lang='lat' dir='ltr'>internecione,</span> 
     </span>
     <span class='ocr_line' id='line_1_34' title="bbox 257 3606 1362 3688; baseline 0.009 -23"><span class='ocrx_word' id='word_1_308' title='bbox 257 3606 442 3666; x_wconf 88' lang='lat' dir='ltr'>inimieorum</span> <span class='ocrx_word' id='word_1_309' title='bbox 461 3608 532 3666; x_wconf 91' lang='lat' dir='ltr'>olim</span> <span class='ocrx_word' id='word_1_310' title='bbox 549 3609 735 3669; x_wconf 89' lang='lat' dir='ltr'>subditorum</span> <span class='ocrx_word' id='word_1_311' title='bbox 752 3610 900 3670; x_wconf 84' lang='lat' dir='ltr'>adduntur</span> <span class='ocrx_word' id='word_1_312' title='bbox 915 3611 1059 3687; x_wconf 82' lang='lat' dir='ltr'>ludibria,</span> <span class='ocrx_word' id='word_1_313' title='bbox 1078 3615 1130 3673; x_wconf 84' lang='lat' dir='ltr'>cfr.</span> <span class='ocrx_word' id='word_1_314' title='bbox 1148 3615 1204 3672; x_wconf 85' lang='lat' dir='ltr'>Ier.</span> <span class='ocrx_word' id='word_1_315' title='bbox 1218 3615 1362 3688; x_wconf 90' lang='lat' dir='ltr'>XLVIII,</span> 
     </span>
     <span class='ocr_line' id='line_1_35' title="bbox 258 3706 1363 3790; baseline 0.005 -22"><span class='ocrx_word' id='word_1_316' title='bbox 258 3713 302 3768; x_wconf 78' lang='lat'>20.</span> <span class='ocrx_word' id='word_1_317' title='bbox 320 3709 378 3783; x_wconf 88' lang='lat' dir='ltr'>LI,</span> <span class='ocrx_word' id='word_1_318' title='bbox 397 3713 414 3768; x_wconf 86' lang='grc'>8</span> <span class='ocrx_word' id='word_1_319' title='bbox 431 3706 502 3782; x_wconf 78' lang='lat' dir='ltr'>ell.;&#39;</span> <span class='ocrx_word' id='word_1_320' title='bbox 523 3711 771 3787; x_wconf 82' lang='lat' dir='ltr'>quemadmodum</span> <span class='ocrx_word' id='word_1_321' title='bbox 786 3713 954 3789; x_wconf 82' lang='lat' dir='ltr'>Zephenia‚</span> <span class='ocrx_word' id='word_1_322' title='bbox 981 3715 1033 3790; x_wconf 89' lang='lat' dir='ltr'>qui</span> <span class='ocrx_word' id='word_1_323' title='bbox 1057 3723 1191 3774; x_wconf 82' lang='lat' dir='ltr'>extreme</span> <span class='ocrx_word' id='word_1_324' title='bbox 1207 3716 1294 3775; x_wconf 87' lang='lat' dir='ltr'>verbi</span> <span class='ocrx_word' id='word_1_325' title='bbox 1321 3717 1363 3774; x_wconf 93' lang='lat' dir='ltr'>di·</span> 
     </span>
     <span class='ocr_line' id='line_1_36' title="bbox 258 3809 1364 3889; baseline 0.005 -19"><span class='ocrx_word' id='word_1_326' title='bbox 258 3809 321 3870; x_wconf 89' lang='lat' dir='ltr'>vini</span> <span class='ocrx_word' id='word_1_327' title='bbox 344 3819 449 3869; x_wconf 76' lang='lat' dir='ltr'>contra</span> <span class='ocrx_word' id='word_1_328' title='bbox 466 3812 610 3888; x_wconf 85' lang='lat' dir='ltr'>Assyrios</span> <span class='ocrx_word' id='word_1_329' title='bbox 627 3813 746 3889; x_wconf 82' lang='lat' dir='ltr'>fulguru</span> <span class='ocrx_word' id='word_1_330' title='bbox 762 3814 865 3889; x_wconf 82' lang='lat' dir='ltr'>paucis</span> <span class='ocrx_word' id='word_1_331' title='bbox 888 3823 957 3872; x_wconf 86' lang='lat' dir='ltr'>ante</span> <span class='ocrx_word' id='word_1_332' title='bbox 979 3835 1112 3876; x_wconf 79' lang='lat' dir='ltr'>eversam</span> <span class='ocrx_word' id='word_1_333' title='bbox 1130 3815 1242 3876; x_wconf 89' lang='lat' dir='ltr'>Ninum</span> <span class='ocrx_word' id='word_1_334' title='bbox 1268 3817 1364 3876; x_wconf 87' lang='lat' dir='ltr'>emisit</span> 
     </span>
     <span class='ocr_line' id='line_1_37' title="bbox 257 3911 1363 3987; baseline 0.005 -17"><span class='ocrx_word' id='word_1_335' title='bbox 257 3911 361 3985; x_wconf 85' lang='lat' dir='ltr'>cunis,</span> <span class='ocrx_word' id='word_1_336' title='bbox 392 3912 511 3969; x_wconf 87' lang='lat' dir='ltr'>brevem</span> <span class='ocrx_word' id='word_1_337' title='bbox 534 3920 564 3970; x_wconf 90' lang='lat' dir='ltr'>et</span> <span class='ocrx_word' id='word_1_338' title='bbox 589 3914 766 3973; x_wconf 82' lang='lat' dir='ltr'>succinctam</span> <span class='ocrx_word' id='word_1_339' title='bbox 792 3915 1051 3976; x_wconf 82' lang='lat' dir='ltr'>comminationem</span> <span class='ocrx_word' id='word_1_340' title='bbox 1073 3918 1120 3987; x_wconf 93' lang='lat' dir='ltr'>II,</span> <span class='ocrx_word' id='word_1_341' title='bbox 1148 3921 1252 3975; x_wconf 84' lang='lat'>13-15</span> <span class='ocrx_word' id='word_1_342' title='bbox 1275 3919 1363 3978; x_wconf 80' lang='lat' dir='ltr'>hacce</span> 
     </span>
     <span class='ocr_line' id='line_1_38' title="bbox 257 3999 1362 4093; baseline 0.007 -23"><span class='ocrx_word' id='word_1_343' title='bbox 257 4012 368 4071; x_wconf 80' lang='lat' dir='ltr'>claudit</span> <span class='ocrx_word' id='word_1_344' title='bbox 384 4029 470 4070; x_wconf 85' lang='lat' dir='ltr'>voce:</span> <span class='ocrx_word' id='word_1_345' title='bbox 490 4012 595 4085; x_wconf 79' lang='lat' dir='ltr'>„Haec</span> <span class='ocrx_word' id='word_1_346' title='bbox 612 3999 658 4074; x_wconf 79' lang='lat' dir='ltr'>est</span> <span class='ocrx_word' id='word_1_347' title='bbox 674 4016 746 4075; x_wconf 86' lang='lat' dir='ltr'>urbs</span> <span class='ocrx_word' id='word_1_348' title='bbox 762 4015 816 4075; x_wconf 82' lang='lat' dir='ltr'>illo</span> <span class='ocrx_word' id='word_1_349' title='bbox 833 4017 1003 4092; x_wconf 81' lang='lat' dir='ltr'>exsultans,</span> <span class='ocrx_word' id='word_1_350' title='bbox 1022 4019 1160 4079; x_wconf 81' lang='lat' dir='ltr'>babitans</span> <span class='ocrx_word' id='word_1_351' title='bbox 1182 4037 1302 4093; x_wconf 86' lang='lat' dir='ltr'>secure,</span> <span class='ocrx_word' id='word_1_352' title='bbox 1321 4020 1362 4078; x_wconf 94' lang='lat' dir='ltr'>di·</span> 
     </span>
     <span class='ocr_line' id='line_1_39' title="bbox 257 4112 1362 4196; baseline 0.009 -26"><span class='ocrx_word' id='word_1_353' title='bbox 257 4131 326 4172; x_wconf 86' lang='lat' dir='ltr'>cens</span> <span class='ocrx_word' id='word_1_354' title='bbox 344 4112 374 4170; x_wconf 91' lang='lat' dir='ltr'>in</span> <span class='ocrx_word' id='word_1_355' title='bbox 393 4112 482 4170; x_wconf 88' lang='lat' dir='ltr'>corde</span> <span class='ocrx_word' id='word_1_356' title='bbox 499 4133 569 4173; x_wconf 79' lang='lat' dir='ltr'>suo:</span> <span class='ocrx_word' id='word_1_357' title='bbox 587 4133 642 4191; x_wconf 86' lang='lat' dir='ltr'>ego</span> <span class='ocrx_word' id='word_1_358' title='bbox 656 4123 686 4174; x_wconf 86' lang='lat' dir='ltr'>st</span> <span class='ocrx_word' id='word_1_359' title='bbox 697 4117 828 4178; x_wconf 87' lang='lat' dir='ltr'>defectus</span> <span class='ocrx_word' id='word_1_360' title='bbox 841 4119 898 4177; x_wconf 87' lang='lat' dir='ltr'>mci</span> <span class='ocrx_word' id='word_1_361' title='bbox 909 4119 1051 4196; x_wconf 85' lang='lat' dir='ltr'>empliusl</span> <span class='ocrx_word' id='word_1_362' title='bbox 1070 4119 1230 4194; x_wconf 83' lang='lat' dir='ltr'>Quomodo</span> <span class='ocrx_word' id='word_1_363' title='bbox 1242 4121 1362 4180; x_wconf 76' lang='lat' dir='ltr'>redacte</span> 
     </span>
     <span class='ocr_line' id='line_1_40' title="bbox 256 4213 1362 4298; baseline 0.009 -28"><span class='ocrx_word' id='word_1_364' title='bbox 256 4213 349 4271; x_wconf 87' lang='lat' dir='ltr'>estin</span> <span class='ocrx_word' id='word_1_365' title='bbox 367 4213 551 4290; x_wconf 82' lang='lat' dir='ltr'>vastitatem,</span> <span class='ocrx_word' id='word_1_366' title='bbox 569 4216 666 4276; x_wconf 89' lang='lat' dir='ltr'>cubile</span> <span class='ocrx_word' id='word_1_367' title='bbox 684 4219 804 4280; x_wconf 90' lang='lat' dir='ltr'>bestiisl</span> <span class='ocrx_word' id='word_1_368' title='bbox 822 4221 918 4280; x_wconf 89' lang='lat' dir='ltr'>omnis</span> <span class='ocrx_word' id='word_1_369' title='bbox 936 4222 988 4298; x_wconf 91' lang='lat' dir='ltr'>qui</span> <span class='ocrx_word' id='word_1_370' title='bbox 1005 4221 1176 4281; x_wconf 80' lang='lat' dir='ltr'>transiverit</span> <span class='ocrx_word' id='word_1_371' title='bbox 1193 4241 1275 4294; x_wconf 84' lang='lat' dir='ltr'>eum,</span> <span class='ocrx_word' id='word_1_372' title='bbox 1293 4221 1362 4281; x_wconf 89' lang='lat' dir='ltr'>sibi-</span> 
     </span>
     <span class='ocr_line' id='line_1_41' title="bbox 256 4311 769 4390; baseline 0.016 -21"><span class='ocrx_word' id='word_1_373' title='bbox 256 4311 346 4387; x_wconf 81' lang='lat' dir='ltr'>labit,</span> <span class='ocrx_word' id='word_1_374' title='bbox 364 4313 489 4390; x_wconf 82' lang='lat' dir='ltr'>egitebit</span> <span class='ocrx_word' id='word_1_375' title='bbox 506 4336 624 4376; x_wconf 81' lang='lat' dir='ltr'>menum</span> <span class='ocrx_word' id='word_1_376' title='bbox 642 4321 769 4376; x_wconf 85' lang='lat' dir='ltr'>snaml“</span> 
     </span>
    </p>
   </div>
   <div class='ocr_carea' id='block_1_8' title="bbox 0 0 1464 5098">
    <p class='ocr_par' dir='ltr' id='par_1_9' title="bbox 0 0 1464 5098">
     <span class='ocr_line' id='line_1_42' title="bbox 0 0 1464 5098; baseline 0 1"><span class='ocrx_word' id='word_1_377' title='bbox 0 0 1464 5098; x_wconf 95' lang='lat' dir='ltr'> </span> 
     </span>
    </p>
   </div>
  </div>
 </body>
</html>
