2918 5098
511 333 585 393 Gur.
598 333 662 407 Ill,
679 350 708 394 a.
723 339 748 393 8.
1130 333 1177 404 99

74 519 241 578 Thebarum
265 525 364 576 autem
387 517 426 576 ab
451 515 526 592 ipsis
550 517 611 578 illis
637 520 717 580 lacta
734 517 924 604 ¹expugnatio
947 527 977 578 et
994 519 1057 580 eius
1074 521 1180 600 populi

73 619 231 678 destructio
249 626 340 695 atque
357 617 610 694 deportationem·
630 640 649 678 v
667 622 742 697 .10),
772 637 899 698 quocum
916 640 971 696 per
986 619 1103 698 integra
1118 624 1181 686 fere

73 721 170 779 secula
188 721 224 778 de
241 719 366 794 irnperio
385 719 468 778 orbis
485 728 630 777 terrarum
645 721 878 794 dimicaverant,
897 737 973 797 quae
988 722 1115 797 primum
1133 731 1179 782 at·

6 833 7 842 ¹
73 841 128 899 que
145 839 292 880 summum
308 819 407 877 locum
432 819 511 878 iuter
533 821 634 880 omnia
656 821 901 882 bellicosissimae
923 823 1019 897 gentis
1045 823 1180 884 facinora

71 931 174 982 tenere
198 922 341 993 debebat,
371 939 406 978 ea
433 921 549 980 ratione
578 923 803 980 commemorari
826 922 908 980 nullo
935 923 1023 982 modo
1049 933 1178 1000 poterat.

71 1021 275 1081 Nihilominus
292 1021 425 1082 maxima
438 1021 635 1098 interpretum
659 1041 730 1099 pars
757 1023 795 1082 ab
817 1023 892 1098 ipsis
910 1023 1046 1100 Assyriis
1068 1025 1179 1084 factam

70 1124 153 1184 illam
178 1121 348 1182 Thebarum
371 1122 556 1184 eversionem
578 1123 793 1200 opinabantur,
825 1131 916 1201 atque
945 1124 976 1182 in
999 1125 1178 1184 inveniendo

73 1225 174 1302 aliquo
187 1241 258 1300 rege
274 1232 304 1282 et
320 1231 496 1299 tempestate
513 1223 631 1300 eliqua,
648 1225 705 1283 eui
727 1225 857 1284 adscribi
874 1225 927 1284 illa
950 1235 1068 1302 posset,
1093 1227 1181 1304 graui

72 1345 138 1386 sese
154 1326 334 1384 exercebant
350 1324 478 1396 labores
493 1325 601 1402 quibua
624 1327 754 1386 maxims
775 1327 897 1402 insuper
920 1327 1101 1386 contrarium
1123 1335 1179 1404 cst,

6 1421 7 1432 ¹
72 1427 153 1504 quod
171 1442 318 1502 nusquam
331 1425 440 1485 idonea
455 1440 622 1503 quaequam
636 1428 699 1486 eius
713 1427 954 1486 commemoratio
968 1447 1023 1486 nec
1037 1428 1068 1486 in
1084 1428 1116 1488 ll.
1127 1447 1178 1502 sa,

71 1547 126 1586 nec
154 1527 187 1584 in
216 1535 352 1585 veterum
375 1526 496 1601 scriptis
505 1525 525 1600 ¹,
556 1545 610 1586 nec
639 1527 671 1585 in
692 1527 890 1586 monumentis
911 1527 1110 1604 Assyriorum
1131 1529 1180 1588 vel

70 1628 291 1705 Aegyptiorum
313 1626 437 1703 reperiri
459 1635 559 1703 potest
566 1649 575 1699 ;
598 1639 659 1686 non
682 1627 761 1686 enim
784 1627 821 1685 de
842 1627 969 1685 'victoria
999 1627 1102 1705 aliqua
1119 1627 1180 1688 -vel

6 1723 7 1772 l
69 1729 156 1788 clude
172 1727 333 1805 Aegyptiis
350 1727 463 1786 inflictu
480 1728 592 1806 agitur,
617 1729 669 1788 sed
690 1729 727 1786 de
745 1726 963 1804 expugnatione
980 1727 1179 1804 capitiscele·
1255 1759 1259 1768 ·

71 1829 192 1890 berrimi
209 1838 239 1888 et
255 1829 420 1888 incolarum
446 1829 564 1888 exsilio.
593 1828 674 1888 Nam
699 1830 727 1907 1)
745 1829 796 1906 qui
821 1830 857 1887 de
883 1810 1178 1888 Salmanaasaro

6 1917 7 1962 ³
71 1931 206 2010 cogitant
222 1928 394 2006 (Zonnrus¹
409 1929 491 2008 alh),
515 1930 691 2007 uunquam
712 1930 837 1990 eundem
853 1928 947 1988 tuisse
972 1928 1118 2002 diximus,
1144 1928 1180 1990 de

69 2031 241 2110 ¹Sargone
254 2029 404 2110 (Graan,
418 2031 524 2090 Hassu
534 2030 554 2104 ³,
569 2029 745 2091 Suussmno
753 2029 776 2104 ⁴,
786 2030 907 2116 Uuea,
920 2030 1030 2104 Hrrz„
1045 2028 1183 2113 Senum-¹

70 2135 170 2211 nnn),
188 2133 319 2192 maxime
342 2139 508 2208 provocant
533 2132 572 2193 ad
595 2131 718 2190 XX¹¹¹¹²¹¹
742 2132 858 2192 Iesaiae
874 2140 978 2208 caput,
1002 2132 1080 2190 unde
1098 2121 1180 2190 colli·

6 2247 7 2288 ι
71 2243 160 2312 gant,
179 2233 358 2305 Tartenum,
377 2231 522 2310 Sargouis
539 2233 763 2309 imperatorem,
786 2232 951 2309 Aegyptios
969 2240 999 2290 et
1015 2233 1181 2309 Aethiopes
1210 2238 1213 2254 '

6 2389 7 2392 ,
72 2335 243 2396 debellasse
258 2343 350 2413 atque
360 2333 398 2392 in
415 2333 552 2392 exsilium
572 2333 747 2404 deduxisse;
772 2333 808 2390 de
824 2333 908 2391 cuius
925 2332 1031 2408 capitis
1049 2333 1181 2410 explica·

72 2438 154 2496 tione
178 2437 293 2494 idonea·
307 2435 361 2493 cfr.
386 2434 474 2511 proll.
511 2435 542 2512 h)
567 2425 640 2494 Aliis
655 2434 694 2492 ad
718 2431 963 2492 Sanheribum
988 2434 1182 2500 memorabile

71 2539 183 2596 lactum
207 2536 375 2594 detulerunt
391 2534 577 2611 (Uesaeuus,
601 2535 806 2604 ramosum,
832 2529 959 2604 Gnnvu,
983 2531 1179 2609 Karnana„

72 2639 102 2698 in
121 2655 248 2715 quorum
264 2638 398 2695 favorem
415 2635 539 2694 laudata
552 2644 626 2694 eunt
640 2635 771 2692 losa-um
787 2633 880 2695 verba
897 2632 1003 2708 (Arch.
1019 2631 1066 2703 X,
1090 2636 1120 2704 l,
1137 2632 1180 2709 4),

6 2753 7 2756 ’
74 2739 126 2816 qui
143 2747 265 2798 auctore
281 2735 624 2796 Barososauhenbum
643 2753 708 2793 uum
722 2732 881 2810 Aegyptiis
898 2733 978 2792 bello
996 2731 1182 2791 conflictasee

8 2917 13 2928 ,
75 2841 182 2912 tradit3
207 2847 330 2898 atvero
354 2837 428 2910 nihil
453 2843 663 2895 commemorat
686 2835 722 2892 de
746 2834 899 2892 eversione
916 2834 1103 2904 Thebarum,
1128 2849 1182 2891 neo

76 2941 111 3000 rie
129 2940 256 3000 victoria
273 2939 391 3017 quidem
400 2937 632 3014 Assyriorum³;
651 2955 710 3012 quo
728 2933 851 3006 accedit,
871 2934 951 3011 quod
967 2951 1021 2993 nec
1037 2941 1108 3009 post
1124 2933 1184 2992 cla·

75 3043 139 3102 dem
159 3042 241 3100 illam
259 3040 338 3118 apud
356 3037 598 3115 Hierosolymam
624 3050 776 3113 acceptam
793 3036 871 3094 ullus
894 3034 1039 3095 eiusmodi
1063 3032 1185 3110 expedi·

74 3142 166 3204 tionis
183 3141 267 3200 locus
285 3149 344 3213 est,
363 3135 556 3212 nec'antea⁶;
581 3145 671 3217 atque
687 3138 755 3214 ipse
771 3135 861 3195 etiam
879 3133 1077 3208 Sanheribus,
1102 3135 1185 3194 cuius
1289 3155 1296 3168 ·

75 3265 121 3305 res
140 3251 211 3303 ante
226 3243 375 3302 funestum
391 3240 475 3298 illum
492 3241 618 3299 reditum
637 3245 739 3316 gestae
756 3237 830 3298 satis
849 3246 985 3297 accurate
1000 3235 1186 3312 perscriptae

75 3365 169 3424 nuper
199 3349 380 3404 emerserunt
402 3341 546 3414 eruinis,
570 3340 734 3406 debellatos
758 3338 875 3415 quidem
900 3358 919 3398 a
944 3357 976 3397 sc
997 3336 1065 3412 ipso
1084 3335 1186 3412 Aegy·

76 3535 278 3547 ...-—-—--

129 3707 156 3770 1)
172 3706 206 3757 Id
222 3705 291 3770 quod
308 3707 405 3759 fatetur
422 3705 500 3756 etium
519 3703 646 3756 Garumna
665 3717 758 3754 commu
771 3701 799 3752 in
815 3699 866 3749 Ias.
883 3715 908 3763 p.
927 3699 987 3750 642.

128 3792 155 3853 2)
174 3790 227 3840 cn.
244 3791 444 3860 disputationem
462 3791 517 3838 elus
534 3788 728 3851 diligentissima
746 3785 914 3848 compositam
925 3783 1011 3832 illam:
1028 3781 1190 3834 Dehistoris

78 3884 103 3926 et
115 3877 314 3940 antiquitatibus
324 3875 396 3923 urbis
409 3873 574 3934 Thebarum,
585 3887 687 3935 opusoc.
701 3887 734 3922 ss.
752 3868 881 3932 1731,ss
893 3883 918 3932 p.
928 3868 977 3918 322
990 3882 1024 3918 se.
1036 3867 1082 3918 cir.
1093 3882 1118 3930 p.
1128 3867 1189 3918 387.

130 3959 158 4021 3)
176 3960 217 4009 De
235 3961 310 4010 rebus
328 3959 452 4022 Assyriis.
470 3957 576 4006 Vratish
596 3958 672 4008 1836.

129 4045 157 4106 4)
174 4043 294 4097 Bamerk.
312 4061 345 4094 zu
361 4043 430 4094 Nah.
449 4041 506 4102 111,
525 4040 548 4090 8.
569 4040 609 4090 16.
645 4039 736 4092 Studd.
753 4055 779 4089 n.
798 4039 876 4088 Kritt.
896 4035 978 4097 1835,
998 4035 1128 4100 1‚·p.,149
1137 4049 1171 4084 ss.

131 4128 158 4190 ὃ)
175 4123 254 4178 Ἀλλὰ
272 4129 319 4178 καὶ
336 4119 487 4192 Βηρωσσὸς
505 4159 598 4175 ......
616 4119 785 4192 μνημονεύει
805 4122 852 4174 τοῦ
875 4119 1008 4184 βασιλέως
1025 4119 1075 4170 ruri
1098 4119 1190 4174 Zaro-

76 4217 206 4278 χερίβου,
232 4212 279 4262 real
302 4207 345 4266 hat
369 4210 426 4262 τῶν
440 4204 593 4270 Ἀσσυρίων
610 4196 692 4272 ἦρχε,
716 4208 763 4257 καὶ
788 4200 830 4256 ὅτι
852 4199 929 4274 πάσῃ
952 4196 1190 4272 ἐπεστρατεύ-

81 4309 164 4348 σατο
183 4296 214 4368 τῇ
230 4293 308 4362 Ἀσίᾳ
328 4295 376 4346 nul
394 4294 425 4364 τῇ
444 4285 582 4360 Alytmp
597 4293 654 4342 rel.

133 4381 159 4442 6)
177 4381 231 4432 Gir.
249 4379 327 4431 Zona.
346 4379 364 4428 l.
381 4378 399 4429 1.
413 4393 443 4442 p.
457 4379 508 4429 378
520 4389 553 4428 ee.
571 4375 699 4429 Kanmaur
716 4391 742 4440 p.
751 4376 786 4425 94
798 4387 831 4426 ss.

717 4485 720 4489 .
952 4457 966 4502 7
982 4453 995 4482 ⁸
