2918 5098
250 346 320 416 134
579 351 736 407 Audurus
754 366 792 407 ur
810 365 1012 407 sirmundum.

297 546 322 592 p.
336 529 383 588 94,
400 528 417 576 l.
431 513 472 576 10.
489 525 506 574 l.
526 524 630 588 Tiglath
648 525 770 574 Pilesare.

297 629 321 678 p.
334 609 419 673 97,’1.
430 613 471 661 17.
489 610 506 661 Ι.
530 607 631 688 ils-,illd

296 713 320 762 p.
334 699 398 756 100,
415 695 506 745 161.
525 693 542 741 l.
561 679 797 744 A'sserheddonem.

296 795 322 843 p.
335 782 398 841 110,
416 779 433 827 1.
446 781 476 840 2,
493 792 513 828 s.
531 777 589 838 flu,
608 791 631 826 a.
649 793 673 825 v.
696 785 814 836 utrina.
848 780 923 830 Ficus
940 793 1076 843 praecoces
1100 792 1199 828 summo
1224 779 1281 827 loco
1305 777 1353 826 hu·

246 866 383 925 habentur,
401 863 446 912 cir.
463 861 555 910 Ierem.
573 861 675 923 XXIV,
693 865 722 923 23
748 869 825 926 atque
850 864 915 913 adeo
934 862 1074 914 similitudo
1091 864 1222 927 praeclare
1242 863 1351 925 amplifi-

245 957 329 1011 catur,
351 963 408 998 cum
425 948 463 995 ita
478 945 533 994 fere
551 945 652 994 audiat:
675 947 834 997 munimenta
851 955 897 996 tua
913 948 1001 996 omnia
1023 949 1106 996 instar
1123 947 1288 1010 cupediurum
1308 961 1352 994 aa·

245 1033 306 1081 dent
328 1033 355 1080 in
373 1044 419 1079 ora
441 1029 654 1091 desiderantium,
678 1031 769 1094 quibus
792 1030 857 1080 nihil
874 1032 971 1094 negotii
989 1037 1041 1092 est,
1063 1045 1138 1094 quam
1158 1037 1186 1080 ut
1202 1030 1278 1078 labiis
1303 1045 1349 1078 eas

244 1119 355 1180 capiant.

295 1216 318 1264 p.
333 1198 395 1260 116,
412 1200 429 1247 l.
443 1197 476 1247 19
494 1196 527 1246 ad
544 1197 562 1246 1.
581 1197 658 1260 Zeph.
670 1198 713 1258 Il,
731 1199 777 1246 14:
795 1197 929 1247 cedrorum
946 1199 1083 1262 reliquias,
1101 1199 1192 1262 quibus
1206 1202 1276 1245 tecta
1292 1196 1350 1245 fue·

243 1289 302 1333 rant
319 1289 424 1343 oruata,
447 1282 587 1346 permultas
605 1283 656 1330 iam
673 1281 740 1330 inter
757 1290 925 1332 monumenta
941 1284 1060 1332 iuventas
1078 1297 1147 1342 esse,
1171 1288 1197 1330 et
1221 1282 1263 1329 rel
1280 1297 1351 1330 oom-

243 1368 394 1428 memorari,
417 1367 486 1430 quod
510 1381 526 1415 a
548 1367 647 1416 libano
670 1370 757 1415 moute
780 1366 862 1428 petitu
884 1374 985 1426 esseut,
1009 1366 1085 1416 docet
1104 1365 1165 1414 Itur.
1183 1365 1201 1412 l.
1214 1367 1232 1414 l.
1251 1383 1274 1430 p.
1288 1367 1351 1416 365.

243 1453 379 1502 361644.
401 1452 460 1502 651.

238 1547 240 1556 1
294 1554 319 1601 p.
331 1537 388 1586 129.
405 1537 528 1586 Immanis
546 1535 718 1596 crudelitatis,
736 1549 787 1598 qua
804 1534 906 1596 Assyrii
923 1535 949 1582 in
968 1536 1082 1598 captivos
1099 1535 1350 1597 animadvertebant,

243 1621 403 1671 atrocissima
420 1621 538 1686 exempla
557 1619 660 1668 exhibet
677 1619 739 1668 Lar.
758 1621 774 1668 l.
786 1621 804 1668 l.
823 1635 846 1682 p.
860 1619 919 1668 456.
937 1620 987 1668 458
1009 1619 1051 1668 all.
