2918 5098
484 298 557 359 CAP.
571 302 600 374 1,
620 321 647 360 v.
665 307 704 360 10.
1006 363 1009 368 ,
1102 297 1147 368 33

44 486 226 563 aliorumque
249 485 288 544 ad
312 485 370 544 boe
386 485 501 544 utilium
519 485 636 562 eupiann
658 485 897 548 subministraret
909 487 926 546 ¹.
961 487 1042 550 Toto
1059 489 1150 566 igitur

45 586 172 646 exercitu
196 585 344 646 conviviis
367 585 553 663 indulgente,
579 587 700 660 Medos,
723 607 778 664 per
802 587 972 664 transfugas
996 589 1033 648 de
1057 591 1148 668 degli·

45 688 138 764 gentia
167 696 199 746 et
225 687 368 746 ebrietate
392 687 523 747 bostium
546 689 683 761 edoctos,
713 697 804 748 noctu
831 687 1056 766 exinproviso
1080 689 1150 750 illos

45 788 246 865 oppressisse,
277 796 369 866 atque
391 787 435 846 ita
465 797 536 864 post
559 790 647 848 trium
671 807 817 863 annorum
840 789 1025 850 obsidionem
1047 791 1149 850 urbem

46 908 233 966 expugnasse
250 897 281 948 et
298 889 364 948 solo
381 907 538 967 aequasse.
567 890 684 965 Quibus
701 890 726 948 si
744 890 881 950 habenda
896 890 970 950 fides
987 899 1048 964 est,
1071 890 1148 952 vatis

46 991 133 1049 uerba
149 991 301 1050 translato
319 1007 409 1050 sensu
425 990 579 1052 enuntiata
595 992 634 1050 ad
650 991 768 1050 literam
785 999 932 1068 apparent
948 991 1092 1056 enuieota.

91 1090 160 1164 Quo
179 1090 272 1168 igitur
288 1090 452 1150 securiores
470 1099 540 1150 suut
556 1100 586 1150 et
602 1091 810 1170 superbiores,
826 1109 862 1150 eo
876 1092 1062 1155 debellentur
1076 1093 1149 1157 teor-

46 1191 113 1262 lius3
144 1191 177 1250 id
199 1193 282 1269 quod
308 1191 438 1268 imagine
459 1191 583 1268 rapidae
610 1192 824 1254 combustionis
854 1193 1024 1268 exponitur.
1075 1192 1148 1252 Gen·

44 1295 127 1349 monti
147 1302 210 1349 mot
227 1288 324 1366 (rins
345 1300 441 1367 praet.
455 1293 578 1368 propb,
592 1293 630 1352 ed
649 1293 811 1352 notandam
824 1293 1039 1362 vehementiam
1051 1294 1149 1356 forma

45 1392 119 1451 Pual
149 1394 347 1472 expressum)
370 1393 445 1450 velat
472 1395 578 1468 stipulo
601 1395 704 1464 arido,
734 1394 788 1454 eir.
805 1394 864 1454 les.
877 1393 916 1466 V,
940 1398 989 1466 24;
1019 1393 1148 1469 XLVII,

49 1498 89 1565 143
112 1493 177 1552 Ioel
194 1493 241 1566 11,
266 1495 303 1565 53
325 1492 434 1552 Obadi.
452 1514 480 1552 v.
500 1498 532 1552 18
553 1493 635 1569 (ooll.
654 1492 864 1570 Sannumrro
882 1514 910 1554 a.
928 1495 957 1552 b.
974 1494 1030 1572 1.);
1059 1493 1147 1559 Seru.

46 1594 116 1667 ΧΠ,
136 1599 168 1666 6,
195 1613 257 1672 qua
274 1601 304 1653 et
320 1593 420 1654 vilitas
443 1611 545 1653 eorum
569 1595 784 1654 contemnenda
800 1594 1000 1671 significatur,
1023 1594 1076 1652 eir.
1093 1595 1147 1654 Pa.

47 1695 106 1767 1,4
127 1694 193 1767 all,
215 1704 247 1754 et
272 1694 469 1770 amplificatur
485 1694 638 1771 spinarum
661 1693 839 1767 similitudo,
863 1693 972 1772 quibus
993 1694 1148 1770 proprium

47 1795 98 1853 iarn
115 1794 191 1871 ipsis
208 1804 269 1868 est,
287 1795 368 1873 quod
385 1795 519 1854 celeriter
533 1795 602 1872 igne
619 1805 840 1856 consumuntur.
864 1794 1032 1854 Absolutus
1047 1804 1147 1854 autem

46 1895 250 1956 internecionis
272 1895 372 1973 imago
400 1904 524 1972 augetur
546 1897 636 1956 etiam
659 1903 793 1958 extremo
808 1913 920 1956 uersus
942 1896 1033 1956 verbo
1060 1890 1146 1968 ubn,

47 1997 121 2073 quod
143 2015 200 2073 pro
224 1996 367 2056 adverbio
389 1997 558 2073 aueepimus
580 1997 680 2074 plens,
710 1997 807 2074 plenis
830 1996 961 2070 acervis,
983 1997 1146 2070 turmatim,

47 2116 105 2156 oum
127 2098 214 2169 lom,
236 2095 388 2170 Scirum,
417 2098 442 2156 1.
461 2097 503 2158 Η.
521 2097 633 2171 Mrem,
657 2096 775 2158 Gnsuu.
799 2098 891 2169 thes,
920 2097 1024 2158 biaua.
1047 2099 1092 2164 ita
1113 2107 1147 2158 ut

47 2199 221 2275 respondeat
242 2198 462 2275 quodammodo
485 2219 514 2258 v.
532 2212 638 2260 nunno.
681 2199 746 2258 Alii
766 2198 840 2258 nibil
864 2198 1020 2276 designare
1041 2218 1146 2260 vocem

47 2308 160 2374 putant,
183 2318 290 2376 quam:
307 2299 451 2375 perfecte,
468 2300 602 2376 penitus,
620 2300 762 2359 Femur.
771 2297 791 2372 ²,
808 2298 916 2371 Hrrz.;
939 2319 1056 2373 verum,
1075 2301 1147 2378 quis

47 2401 162 2478 reliquis
179 2418 285 2460 versus
301 2400 454 2460 sententiis
471 2401 545 2460 satis
562 2401 622 2459 iarn
639 2399 838 2477 significatum
854 2399 987 2470 ridetur,
1011 2400 1146 2461 funditus

48 2501 105 2558 tolli
120 2500 283 2577 Assyrios,
306 2500 401 2560 satius
423 2501 580 2573 babemus,
606 2501 635 2559 h.
654 2520 683 2558 v.
701 2498 932 2576 magnitudinem
954 2507 984 2558 et
1001 2500 1146 2561 universi-

46 2609 130 2662 tatem
146 2601 257 2660 excidii
273 2601 410 2677 exprimi.
443 2601 612 2664 Referenda
628 2598 878 2664 autemadvarbii
899 2599 978 2658 ratio
995 2599 1034 2657 ad
1051 2607 1146 2660 tetam

46 2702 272 2762 enuntiationem
288 2702 421 2775 videtur,
446 2722 542 2781 neque
563 2701 603 2760 ad
627 2701 723 2760 solam
744 2698 915 2758 ariditatem
931 2699 1146 2776 restringenda,

47 2803 87 2860 uti
109 2811 283 2862 oensueruut
299 2803 436 2862 ludaei
450 2803 586 2882 plerique
602 2801 675 2879 (eir.
693 2799 835 2862 Funerum
854 2819 884 2876 p.
897 2800 967 2877 20),
989 2817 1032 2858 nu
1049 2799 1145 2873 Drusi,

47 2903 122 2978 Em,
145 2903 248 2963 Urusa.
292 2901 374 2965 Satis
394 2904 535 2980 impedite
557 2904 705 2963 Hostum.
730 2901 820 2960 vertit
843 2900 927 2974 „vell
952 2897 1092 2973 mansu
1117 2909 1148 2960 et

49 3021 141 3064 vocem
157 3004 338 3082 respondere
355 3023 386 3064 v.
398 3019 493 3064 uranu
507 3017 614 3065 nauus
632 3009 801 3076 asseverat,
827 3002 913 3062 sieuti
935 3001 1047 3080 stipula
1062 3001 1149 3064 arida

49 3105 197 3165 referenda
210 3105 251 3164 ad
274 3105 378 3181 spinas
396 3112 482 3164 esset.
501 3137 538 3148 ·-
569 3105 613 3162 At
628 3123 689 3164 nen
707 3103 876 3176 defuerunt,
902 3101 953 3180 qni
970 3104 1149 3164 adieetiuum

50 3223 106 3264 esse
121 3215 276 3266 oenserent
297 3202 377 3286 alin,
393 3205 473 3282 iique
490 3205 664 3282 plerumque
679 3205 844 3264 retulerunt
855 3205 894 3263 ad
907 3203 1066 3280 stipulam,
1084 3213 1149 3266 tau·

50 3325 129 3381 quum
142 3308 279 3384 plenam,
299 3327 397 3385 „quae
408 3306 451 3366 sio
464 3306 503 3366 ad
516 3305 718 3364 maturitatem
727 3323 811 3364 suam
822 3304 973 3380 pervenit,
990 3315 1024 3362 ut
1035 3305 1149 3364 fruetus

49 3407 254 3480 plenitudinem
271 3409 367 3468 adhue
382 3407 492 3467 habeat
513 3407 545 3464 in
567 3425 600 3466 se
624 3424 692 3464 eum
709 3424 769 3482 quo
788 3405 869 3462 omni
890 3403 979 3463 simul
995 3423 1052 3481 per.
1066 3405 1149 3464 flam·

50 3523 117 3568 mam
136 3513 367 3583 eonsumamr,“
386 3509 524 3581 Martum,
550 3507 619 3568 sim.
633 3505 853 3578 Turonorum,
871 3504 999 3578 Rusca,
1017 3504 1148 3576 Krurom,

51 3681 242 3694 Ν*-

86 3807 118 3868 ’1)
135 3806 280 3856 Honestius
295 3805 420 3858 eiusmodi
437 3803 635 3870 compotationis
651 3802 739 3866 regiae
754 3802 858 3852 initium
879 3799 1030 3866 proponitur
1051 3799 1079 3847 iu
1096 3813 1151 3850 mn·

51 3897 220 3941 iumentorum
239 3889 333 3944 tabulis
348 3887 404 3954 (etr.
417 3890 504 3940 Burro
515 3890 533 3940 1.
546 3890 563 3940 l.
576 3889 610 3954 pl.
620 3889 662 3951 76,
673 3887 772 3938 Boron
783 3888 800 3938 l.
813 3887 831 3938 l.
848 3903 872 3952 p.
883 3887 931 3938 187
944 3899 987 3946 sa,
1005 3882 1091 3934 Gossa
1104 3882 1121 3933 l.
1134 3882 1151 3932 l.

51 3986 72 4031 p.
81 3973 128 4022 504
141 3973 199 4035 ss),
222 3974 267 4023 ubi
284 3974 414 4025 eunuchos
431 3976 538 4039 largiter
554 3973 704 4024 haurientes
719 3980 746 4023 et
766 3971 904 4023 afferentes
921 3968 1012 4035 poeula
1029 3967 1151 4032 conspici·

51 4070 113 4119 mus,
129 4058 242 4124 hospites
260 4065 345 4109 autem
363 4060 397 4110 ad
414 4059 516 4110 tabulas
533 4057 653 4108 sedentes
670 4058 770 4122 sibique
787 4057 897 4106 iuuioem
914 4054 1088 4119 propinantes.

96 4159 122 4219 2)
137 4159 198 4210 Non
215 4166 312 4212 tamma
333 4163 361 4212 in
383 4161 601 4227 comparationem
620 4165 693 4210 voest
710 4159 801 4212 Ierem.
814 4157 864 4219 IV,
881 4157 913 4220 53
936 4156 1005 4218 XII,
1022 4155 1052 4218 63
1079 4155 1153 4204 sicuti

53 4241 165 4294 observat
182 4243 363 4298 Senuurmsrus
379 4247 496 4298 Arabum
514 4244 616 4296 dicandi
634 4259 714 4307 genus
735 4227 796 4316 Ὢ,
813 4228 896 4307 gia>
911 4240 973 4292 teuit
989 4246 1016 4292 et
1031 4239 1154 4304 implevit,

52 4326 68 4373 i.
80 4341 101 4375 e.
120 4338 234 4383 aromate
250 4329 319 4382 fem.

936 4410 951 4457 3
