2918 5098
521 287 595 348 Cer.
608 289 638 363 1,
656 309 685 349 v.
698 295 725 350 9.
1131 287 1177 360 29

77 475 177 535 bellum
195 473 249 534 Ps.
263 473 402 547 XXVII,
420 477 452 547 33
470 471 546 534 Hos.
558 473 605 547 X,
625 479 673 548 14,
688 473 727 534 ad
745 491 821 534 enus
838 471 929 534 Prov.
944 466 1062 550 XXIV,
1080 479 1122 536 22.
1141 511 1177 522 -

76 577 157 636 LXX
180 576 256 636 satis
288 575 478 653 singulariter
500 575 544 634 sic
573 574 697 634 hebent:
733 562 794 636 οὐκ
816 562 986 656 ἐκδικήσει
1008 574 1115 654 (qussi
1138 579 1179 638 sit

76 679 124 737 fut.
140 698 167 737 a.
185 697 215 735 v.
233 679 314 754 ops)
335 669 387 748 δίς
409 668 467 737 ἐπὶ
488 669 526 736 τὸ
549 663 630 737 citri
652 668 687 736 dv
707 667 843 756 θλίψει.

120 779 182 838 Iam
200 777 278 836 duae
295 779 430 836 oriuntur
447 777 653 856 quaestiones:
679 775 708 853 l)
725 775 880 852 Quosnam
896 776 1062 854 interrogat
1074 779 1177 838 vates?

75 882 103 958 ι)
119 879 263 954 Quisnam
280 898 388 955 passus
406 888 452 938 est
468 877 636 955 angustiam
654 883 683 936 et
700 897 719 936 a
737 896 797 956 quo
815 884 903 938 antea
915 886 1023 954 parata
1035 879 1101 938 cst?
1126 879 1178 938 Ad

75 981 194 1056 primam
218 981 423 1057 quaestionem
445 980 621 1056 interpretes
646 977 708 1038 fere
732 997 835 1038 omnes
857 979 1051 1056 respondente
1079 981 1177 1056 Assy·

75 1082 132 1140 rios
152 1080 307 1154 nimirum,
338 1080 432 1158 „quid
457 1079 602 1140 molimini
625 1090 728 1140 contra
749 1079 958 1140 Dominumi“
981 1088 1176 1157 occupantem

75 1182 182 1240 faciunt
197 1182 375 1258 prophetam
392 1182 499 1242 tacitas
515 1178 711 1258 Assyriorum
735 1181 932 1254 obiectiones,
955 1179 1065 1259 „quad
1081 1201 1177 1244 vanae

75 1291 126 1341 ent
146 1283 206 1341 sine
229 1283 337 1343 effectu
358 1283 476 1344 futurae
499 1290 598 1344 essent
620 1282 743 1342 Domini
766 1281 1026 1354 comminationes,
1049 1289 1117 1355 ant,
1148 1283 1176 1342 si

75 1384 151 1462 qnod
166 1392 339 1460 paterentur
355 1384 511 1458 domnum,
533 1383 621 1444 facile
643 1384 703 1444 tale
725 1384 797 1463 quid
819 1401 909 1461 posse
930 1383 1097 1460 reparari.“
1139 1384 1175 1442 In

75 1505 130 1561 qua
151 1485 297 1544 sententia
319 1487 353 1561 a)
369 1485 498 1562 primum
521 1485 672 1563 displicet,
698 1485 779 1564 quod
802 1480 845 1548 ktre
871 1501 960 1543 sensu
984 1483 1174 1544 adversative

73 1585 270 1661 accipiendum
285 1586 473 1660 existimant3
490 1605 560 1645 nam
577 1586 633 1646 etsi
650 1578 691 1649 ιιιι
711 1599 783 1645 :utu
804 1585 899 1644 tribus
915 1581 975 1642 iliis
991 1582 1067 1642 locis
1082 1601 1175 1659 snpra

72 1685 196 1746 laudatis
218 1687 328 1746 habeat
349 1687 458 1748 hostile
479 1686 611 1766 uliqnid,
641 1685 787 1745 eiusmodi
815 1692 914 1744 tamen
941 1699 1046 1744 sensus
1071 1683 1174 1757 potius

72 1807 157 1864 qnam
168 1787 346 1865 significatio
363 1787 594 1866 praepositionis
607 1794 668 1860 est3
685 1781 726 1849 ier
740 1785 877 1863 designat
892 1782 1084 1844 directionem
1101 1781 1174 1844 tecti

71 1896 99 1946 et
120 1889 282 1961 obiectum,
307 1889 361 1948 cfr.
384 1887 539 1962 isaml,
562 1893 611 1962 243
636 1887 688 1946 Ps.
704 1887 809 1961 an,
828 1891 842 1944 l
866 1886 933 1963 (cfr.
951 1885 1019 1944 Ew.
1037 1883 1116 1962 §217
1125 1885 1173 1963 c);

71 2007 160 2066 quere
183 1988 258 2047 nihil
281 1989 362 2049 aliud
384 1999 430 2050 est
457 2009 562 2069 quam:
591 1988 722 2066 cogitare
745 1980 804 2050 ἐπί
823 2005 913 2060 τινας
935 2005 991 2046 neo
1011 1985 1101 2044 Mich.
1118 1985 1175 2060 IV,

70 2089 166 2148 3alie
195 2089 242 2148 vis
266 2098 326 2164 est,
358 2109 463 2168 quam:
498 2109 558 2150 non
585 2090 749 2168 portabunt
774 2099 877 2169 gentes
906 2087 1001 2148 altera
1030 2087 1070 2148 ad
1099 2087 1174 2148 alte-

68 2209 132 2250 ram
156 2190 297 2268 gladium.
349 2189 487 2252 Ceterum
515 2191 656 2254 confundi
679 2191 798 2269 quidem
822 2191 891 2252 inde
914 2210 934 2250 a
957 2188 1073 2248 Iesaiae
1100 2196 1174 2248 tem-

69 2310 141 2367 pore
161 2292 310 2352 interdum
332 2285 372 2356 itt
393 2301 424 2352 et
448 2286 503 2366 iv,
526 2311 637 2370 negare
660 2293 814 2366 nolumus3
836 2293 881 2352 ita
902 2299 1003 2350 temen
1024 2287 1089 2348 fieri
1110 2289 1174 2365 ple*

68 2412 190 2470 rumque
213 2393 304 2466 solet,
332 2402 366 2452 nt
387 2389 429 2456 ir
448 2394 635 2454 deminuatur
655 2393 687 2452 in
708 2388 766 2467 ite,
795 2411 862 2452 cum
887 2389 1057 2451 distinctam
1076 2391 1175 2466 magis

68 2493 176 2552 indicet
197 2493 367 2554 directionis
390 2495 555 2568 notionem,
580 2512 763 2572 requerere
780 2487 821 2556 in
841 2489 1036 2567 amplificetur
1058 2488 1091 2545 in
1114 2485 1173 2560 ιιι

69 2614 86 2653 a
102 2614 162 2672 qua
178 2595 283 2671 regula
299 2594 384 2654 unice
400 2594 607 2673 excipiendum
624 2602 670 2654 est
680 2594 734 2652 Ez.
748 2592 871 2664 XVIII,
891 2595 939 2661 113
956 2605 1026 2647 nem
1042 2587 1101 2645 Ies.
1111 2587 1171 2660 IX,

67 2699 83 2752 8
107 2695 188 2772 quod
201 2695 299 2755 affert
319 2696 385 2756 Ew.
404 2695 521 2774 ξῖῖῖί,
545 2715 576 2772 p.
592 2699 643 2754 416
668 2713 748 2753 mere
771 2692 869 2754 audit:
899 2688 981 2770 quod
1004 2686 1111 2746 attinet
1132 2689 1173 2748 ad

68 2795 190 2856 fratrem
209 2779 311 2870 snum,
337 2815 397 2856 non
418 2797 516 2873 parcit
526 2796 545 2856 ¹.
587 2797 622 2876 b)
639 2795 780 2868 Accedit,
810 2793 891 2872 quod
915 2793 955 2852 ed
976 2809 1006 2848 ι.
1021 2793 1054 2847 14
1076 2807 1173 2867 usque

67 2897 209 2974 appellati
227 2915 344 2975 semper
359 2897 462 2958 Iudaei
479 2905 563 2972 sunt,
586 2895 708 2974 Assyrii
730 2915 797 2956 cum
813 2893 919 2954 tertiae
935 2907 1082 2971 personae
1098 2898 1172 2950 nota

67 2998 237 3056 afferuntur.
263 3001 294 3078 c)
310 2997 468 3058 Postremo
490 2994 530 3062 itt
550 3013 620 3058 nutri
638 2997 778 3056 hocloco
796 2995 960 3056 aliudesse
977 3011 1068 3071 quam
1085 2986 1127 3056 51)
1139 2993 1171 3054 'rt

66 3118 93 3157 v.
106 3104 154 3172 11,
184 3099 447 3158 ecommutatione
463 3099 718 3176 praepositionum
734 3097 862 3158 dilucide
884 3102 1010 3174 apparet
1020 3091 1039 3152 ².
1078 3093 1173 3154 luter·

65 3199 192 3274 pellatos
209 3217 280 3277 ergo
297 3200 424 3260 Iudaeos
442 3218 611 3273 censemus,
636 3200 680 3260 uti
696 3199 809 3276 plecuit
824 3199 985 3314 Μιιξσιιιο,
1010 3194 1055 3253 ita
1071 3195 1173 3272 (Περιι-

65 3307 177 3360 tantem
194 3308 295 3362 seento
312 3295 525 3362 crmnnnnv
516 3292 570 3360 ίνα
584 3292 694 3362 τοίνυν
713 3317 758 3383 μη
782 3294 840 3359 καί
861 3287 976 3368 αὐτοῖς
993 3293 1065 3366 τοῖς
1083 3285 1173 3368 ἴσοις

66 3398 334 3481 περιπεσεῖσθαι
354 3401 472 3475 κακοῖς
493 3390 786 3485 προσδοκήσαντες
800 3386 994 3510 εὐάφορμον
1008 3381 1071 3478 ἤδη
1093 3413 1173 3456 ποι-

66 3500 156 3563 οῖντο
178 3494 239 3584 τὴν
261 3495 490 3585 καταδρομὴν,
512 3494 572 3582 τὴν
585 3492 695 3581 ἕκτης
703 3486 915 3568 ’'Icvdoiag
885 3514 934 3567 εις
948 3483 1173 3576 ἀλλοφύλους,

64 3596 241 3677 μονονουχὶ
268 3595 325 3662 καί
352 3589 639 3672 ἀναπυνθάνεται,
672 3589 792 3678 λέγων,
821 3591 856 3656 ιί
881 3581 949 3676 α’ρα
971 3588 1171 3676 λογίζονται,

66 3694 121 3762 καί
143 3701 283 3784 φρονεῖν
304 3691 467 3783 ἐγνώκασι
488 3695 569 3784 περί
588 3717 650 3760 τοι
671 3688 805 3781 κυρίου,
834 3679 1020 3776 stirpest
998 3710 1064 3774 αρα
1086 3689 1173 3775 φησί

66 3795 121 3862 καί
143 3789 365 3906 βαρύμηιινε
350 3790 511 3883 υπιίρχειν
531 3790 650 3862 cientis
671 3785 923 3858 attrociter
944 3781 1042 3854 θεόν·
1067 3789 1136 3853 κτλ.

115 3983 141 4046 1)
159 3985 294 4034 Μιιιοιιιι
317 3986 385 4052 apud
409 3985 597 4038 adversativam
619 3985 671 4034 vim
692 3997 779 4048 praep
796 3977 836 4046 ἠρ
859 3986 989 4042 remanet,
1012 3985 1089 4043 atque
1107 3977 1175 4030 adeo

66 4071 127 4120 satis
149 4069 314 4120 incommode
335 4069 457 4136 intelligit
480 4071 645 4122 sententiam:
672 4070 740 4120 maie
763 4073 790 4117 et
807 4067 956 4120 indecenter
978 4071 1058 4130 agrmt
1074 4063 1174 4124 ludaei,

65 4155 85 4202 si
102 4155 222 4204 diffident
240 4153 355 4205 domino.

114 4241 140 4304 2)
157 4240 298 4304 Perperem
314 4239 483 4304 ΗιιιιιοιαιοεΙ
495 4239 696 4292 consumticnem
708 4249 784 4295 versu
796 4235 962 4290 antecedente
975 4235 1090 4300 Assyriis
1100 4233 1174 4299 prae'·

66 4307 156 4376 dietam
175 4325 229 4374 iam
248 4323 282 4374 ad
299 4323 410 4376 Iudaeos
428 4324 515 4376 refert.
