2918 5098
500 266 574 327 Onu.
587 267 618 341 l,
637 287 665 328 v.
681 273 721 328 ll.
1117 263 1164 336 35

25 505 26 518 ,
77 454 102 512 in
121 453 212 512 altero
235 451 367 510 membro
396 470 425 510 v.
449 455 481 510 12
509 451 548 511 ad
569 450 710 512 lsraelem
739 451 804 512 sine
830 452 921 512 duhio
943 453 1051 514 attinet
1071 470 1165 532 nuum

77 555 152 628 'qius
172 548 228 626 uli,
254 551 423 630 etreliqua
447 553 514 612 suli.
533 552 601 612 fem.
619 573 648 612 v.
665 557 713 625 133
737 554 789 614 esd
812 573 840 614 v.
856 559 889 614 14
912 573 951 614 ex
974 555 1075 614 vivido
1099 574 1166 616 ora·

78 653 154 713 tionis
170 671 279 729 genere
295 655 349 713 sub
366 653 462 712 altera
478 671 608 730 persona
624 653 774 730 cogitandi
796 655 898 716 hostes
915 665 1017 730 eruut,
1040 655 1168 736 ideoque

77 755 279 814 adnotandam
295 754 388 814 vicem
406 753 504 830 primo
520 753 588 814 loco
600 747 745 816 'renuitur
764 748 857 830 :rtbv
877 771 968 828 mim
985 757 1065 816 haud
1082 775 1167 818 secus

77 856 216 915 innostro
239 875 328 916 versu
349 870 431 932 ube,
460 855 491 914 in
514 854 625 934 limine
638 854 799 932 scriptum,
830 855 1002 931 oppositum
1025 877 1092 919 esse
1114 877 1167 936 ap·

77 964 149 1032 paret
168 956 420 1016 antecedentibus.
463 957 603 1030 Accedit,
628 955 709 1034 quod
733 976 758 1014 c.
772 955 851 1028 H,l
876 955 952 1016 Iuda
973 958 1075 1018 stetim
1100 977 1167 1018 cum

77 1057 133 1116 suli.
149 1057 213 1116 fem.
231 1062 258 1116 2.
273 1077 351 1134 pere.
375 1075 479 1118 rursus
502 1057 689 1134 appellatur3
714 1075 769 1116 nec
791 1055 955 1117 omittenda
982 1067 1028 1119 est
1046 1059 1168 1141 placida

79 1167 103 1216 et
126 1159 281 1236 tranquilla
311 1157 444 1235 rhythmi
475 1157 570 1233 ratio,
604 1158 741 1236 rapidam
772 1157 1032 1238 vehementemque
1062 1179 1168 1221 versus

79 1259 261 1319 anteoedentie
284 1277 438 1318 numerum
460 1267 577 1333 secuta;
603 1278 664 1338 qua
685 1260 845 1320 secuudum
863 1279 892 1318 v.
904 1261 940 1317 5³¹
962 1269 992 1320 et
1008 1262 1043 1320 6¹¹
1064 1261 1168 1322 simili·

79 1359 193 1419 tudinem
209 1361 315 1420 eadem
339 1360 549 1420 sententiarum
572 1362 794 1421 commendatur
810 1359 994 1420 vicissitudo.
1038 1373 1096 1421 nm
1118 1379 1169 1422 eo-

78 1459 134 1518 dem
156 1480 243 1522 eensu
267 1461 306 1520 de
327 1461 481 1534 hostibus,
512 1469 621 1521 terram
644 1481 680 1521 eo
708 1479 803 1539 usque
825 1460 1077 1538 opprimentibus,
1107 1463 1169 1524 iam

78 1581 136 1620 vero
155 1563 359 1622 recedentibus
384 1561 492 1639 legitur
514 1561 571 1622 Iee.
585 1561 706 1633 XLIX,
726 1567 757 1619 17
780 1561 847 1639 (cfr.
866 1558 985 1619 Gneus.
1008 1579 1113 1624 comm.
1138 1581 1168 1622 a.

77 1661 101 1719 h.
116 1663 134 1720 l.
149 1672 251 1723 contra
267 1664 450 1723 Vrrnrnonu
466 1662 699 1739 disputantem),
716 1661 769 1720 eir.
788 1661 845 1722 Ier.
859 1659 980 1734 XLIII,
999 1665 1048 1733 123
1064 1661 1107 1734 X,
1124 1665 1168 1722 20.

78 1761 234 1838 Praeteriti,
267 1764 346 1823 sicut
365 1759 426 1826 bau
448 1782 477 1822 v.
498 1767 545 1836 10,
567 1760 744 1839 prophetice
764 1769 810 1821 eet
838 1760 932 1834 ratio,
964 1780 1057 1840 quare
1078 1761 1170 1822 Lxx

78 1853 282 1934 ἐξελεύσεται.
326 1867 428 1942 Atque
456 1863 536 1922 huuc
559 1862 679 1941 quidem
703 1860 899 1940 Assyriorum
928 1869 1079 1940 receptum
1109 1881 1169 1922 nou

77 1963 282 2038 dubitaremus,
300 1965 372 2043 quin
388 1963 512 2041 proprio
530 1982 619 2024 sensu
631 1963 742 2024 dietum
753 1981 819 2023 esee
831 1969 1043 2037 statueremus,
1061 1962 1168 2041 eipro·

77 2064 130 2122 bari
156 2065 249 2144 magis
276 2073 380 2142 posset
405 2063 535 2126 Susum
565 2064 683 2141 opinio,
711 2083 749 2124 ex
774 2083 834 2142 qua
856 2064 1006 2125 Manassis
1036 2073 1170 2141 tempore

77 2167 179 2242 Assyrii
200 2167 230 2226 in
256 2167 386 2226 urbibus
403 2164 634 2225 Philistaeorum
656 2165 801 2226 stationes
823 2165 998 2226 habuissent
1013 2166 1168 2238 militares,

77 2283 141 2342 quae
170 2268 200 2326 in
233 2267 379 2327 Iudaeam
413 2284 533 2344 quoque
571 2266 630 2325 hue
661 2266 733 2324 illue
766 2274 894 2342 vagatae
926 2266 1087 2327 Manassen
1109 2283 1168 2350 'ce-

78 2365 175 2440 pissent
190 2368 270 2447 (quo
293 2367 397 2426 referri
423 2367 513 2426 etiam
534 2374 653 2443 posset,
677 2366 759 2444 quod
780 2383 836 2424 rex
852 2365 1010 2443 Babylone
1031 2383 1169 2426 reversus

77 2468 182 2528 castella
204 2488 264 2529 sua
282 2468 460 2527 communire
476 2466 593 2544 valuit).
619 2465 732 2524 Verum
748 2465 889 2542 quoniam
902 2465 980 2524 hanc
992 2463 1168 2524 sententiam

77 2565 290 2643 improbandam
307 2568 434 2629 vidimus
450 2567 482 2626 in
499 2566 605 2644 proll.‚
627 2565 671 2623 ita
694 2566 773 2624 bunc
796 2572 946 2641 receptum
962 2563 1169 2639 interpretabi-

78 2685 147 2741 mur,
168 2681 199 2729 ut
213 2669 362 2743 Iudaeos,
381 2670 419 2728 ab
436 2666 550 2727 Achaei
567 2675 701 2743 tempore
718 2663 825 2723 ditioni
849 2683 951 2724 eorum
974 2671 1004 2722 et
1026 2660 1170 2739 potestati

78 2768 160 2844 magis
174 2772 313 2830 minusve
330 2769 496 2841 obnoxios,
519 2768 580 2826 iam
597 2785 722 2844 prorsus
746 2765 784 2824 ab
802 2763 841 2824 iis
857 2763 1002 2824 vindicari
1019 2762 1171 2822 existime-

78 2886 146 2943 mus,
166 2891 218 2931 nec
239 2872 306 2931 iam
331 2869 510 2930 exercitibus
535 2866 779 2938 eorumvexari3
806 2865 859 2926 cir.
882 2865 928 2938 II,
955 2870 980 2926 1.
1007 2868 1048 2923 14.
1092 2863 1171 2922 Illud

79 2975 162 3030 tamen
178 2992 215 3032 ex
231 2971 284 3032 hie
301 2971 401 3032 verbis
418 2977 499 3030 certo
522 2967 729 3048 consequitur,
756 2987 823 3026 cum
845 2965 988 3026 scriberet
1002 2963 1172 3040 Nahumus,

79 3073 243 3132 nouaclum
273 3072 434 3132 timendum
456 3068 545 3129 etiam
568 3068 686 3129 Iudaeis
709 3067 804 3129 luisse
826 3069 864 3127 ab
888 3067 1043 3148 Assyriis,
1069 3085 1173 3126 rernm

79 3169 155 3230 etiam
170 3193 205 3232 ea
222 3193 294 3233 cum
311 3173 349 3234 iis
366 3180 521 3232 contentos
538 3169 772 3243 necessitudine,
798 3188 874 3248 quae
898 3169 1040 3228 ditionem
1065 3176 1094 3227 et
1112 3187 1173 3228 ser·

79 3269 186 3332 vitutem
203 3273 428 3353 quodammodo
446 3271 655 3349 aequipararet
671 3304 708 3314 -
724 3269 756 3328 id
774 3269 855 3350 quod
871 3269 902 3328 in
919 3269 999 3348 regis
1016 3267 1174 3344 captivita-

79 3376 128 3428 tem
143 3376 263 3452 egregie
279 3375 415 3452 quadrat.

118 3472 267 3551 Egressus
292 3482 338 3534 est
360 3482 459 3534 autem
476 3491 493 3530 s
511 3471 623 3529 Iudaea
644 3473 683 3538 ie,
708 3471 757 3544 qui
783 3469 915 3542 copitooit
933 3483 1058 3541 procum
1074 3477 1175 3525 contro

80 3569 230 3634 Dominum.
283 3574 332 3634 De
355 3596 404 3634 vv.
420 3589 490 3634 :ibn
513 3579 542 3630 et
563 3567 605 3634 bv
626 3569 679 3628 cfr.
705 3568 745 3627 ad
767 3571 846 3626 vv.8
875 3573 905 3622 et
934 3569 960 3623 9.
1007 3581 1071 3628 uun
1105 3585 1175 3642 pro·

79 3671 178 3734 misene
200 3675 334 3752 positum
357 3695 425 3735 cum
442 3687 499 3746 nti,
523 3689 665 3748 pravum,
689 3669 800 3728 malum
824 3672 925 3736 uotat3
948 3663 1001 3722 clr.
1019 3665 1115 3724 simile
1132 3665 1177 3723 di·

80 3774 153 3833 cendi
178 3795 272 3853 genus
296 3791 371 3839 *nun
393 3789 475 3835 aaron
497 3773 549 3833 Pe.
563 3768 697 3844 XXXV,
715 3773 741 3829 4.
781 3767 883 3828 Verba
903 3765 1011 3823 haecce
1033 3765 1071 3824 ad
1094 3763 1177 3825 Rab-

81 3872 155 3936 salris
171 3875 333 3936 insolentes
351 3884 381 3935 et
397 3883 514 3935 atroces
531 3871 708 3932 iactationes
724 3869 845 3951 plurimi
861 3865 1009 3940 referunt3
1033 3873 1065 3926 at
1080 3863 1178 3946 primo

80 3969 139 4032 loco
160 3977 235 4036 haec
258 3995 320 4036 vox
343 3983 428 4053 patet
448 3974 554 4048 latius,
580 3972 685 4035 deinde
707 3972 771 4052 agit
794 3980 879 4032 vates
904 3967 942 4028 de
964 3967 1073 4030 iudicio
1096 3965 1180 4028 finali

81 4089 244 4149 supeream
261 4085 395 4153 gentem,
418 4094 495 4154 quae
517 4075 629 4134 tamffiu
646 4073 788 4133 Israelem
811 4070 899 4151 quasi
915 4069 1082 4130 calcaverat
1097 4068 1180 4147 pedi·

79 4169 144 4247 bus3
160 4195 279 4236 omnem
292 4195 363 4254 ergo
378 4175 571 4253 Assyriorum
584 4173 789 4248 inimicitiam,
806 4171 919 4251 populo
937 4170 984 4230 dei
997 4179 1088 4251 atque
1103 4171 1179 4231 adeo

931 4277 971 4328 31
