2918 5098
195 883 620 982 ι11111113111111131
657 885 1032 986 EMENDANDA.

125 1269 151 1315 p.
164 1252 248 1312 XIII,
268 1252 284 1298 l.
298 1253 330 1300 23
349 1251 406 1314 lego
424 1254 460 1301 sis
478 1253 560 1303 CXV.

123 1327 260 1400 p.xxl1',
285 1341 338 1383 not.
361 1335 378 1383 l.
398 1337 422 1385 5.
445 1337 491 1385 cfr.
515 1338 687 1388 Gnorsrasun
710 1337 921 1400 disputationem:
945 1339 996 1388 Die
1020 1339 1185 1393 Sternkunde

72 1421 119 1469 der
137 1419 240 1482 Babyll.
259 1434 283 1466 u.
303 1419 377 1480 Asa,
395 1419 440 1468 cfr.
453 1421 625 1484 Eritiuterung
636 1421 682 1470 der
694 1421 875 1471 Keilschristen
892 1423 1089 1486 babylonischer
1100 1425 1184 1476 Beck·

72 1485 284 1566 stein-cyrinus.
306 1503 385 1562 1852,
404 1519 429 1566 p.
444 1505 562 1554 ra-aa.

123 1606 149 1654 p.
161 1587 245 1637 XXII
257 1577 289 1634 ss.
342 1585 407 1636 eum
431 1589 579 1650 opusculum
603 1595 720 1638 nostrum
744 1589 813 1652 typis
834 1595 915 1638 totum
934 1597 1002 1640 esset
1020 1593 1182 1656 exscriptum,

69 1675 181 1723 feliciter
197 1672 295 1733 evenit,
313 1678 342 1720 ut
359 1671 526 1720 novissimum
542 1673 656 1722 Laranur
674 1673 767 1722 librum
785 1673 863 1722 modo
886 1673 982 1722 editum
1001 1677 1182 1739 acciperemus,

70 1761 110 1808 cui
130 1758 280 1821 inscriptum
304 1762 355 1804 est:
381 1755 560 1817 „Disooveries
583 1757 611 1805 in
634 1758 678 1806 the
699 1758 768 1806 ruins
793 1757 823 1806 of
837 1757 956 1807 Nineveh
980 1758 1032 1806 and
1053 1758 1181 1822 Babylon,

69 1843 136 1892 with
154 1843 249 1892 travels
266 1843 294 1890 in
311 1841 451 1901 Armenia,
475 1841 618 1891 Kurdistan
637 1842 687 1892 and
705 1840 749 1889 the
767 1841 866 1904 dcsert3
891 1843 967 1905 being
991 1843 1034 1891 the
1056 1844 1136 1891 result
1154 1845 1184 1893 oi

70 1943 86 1976 a
98 1926 195 1978 second
207 1926 356 1991 expedition
368 1931 399 1974 ot.
412 1925 493 1974 Lond.
499 1927 524 1976 J.
534 1927 640 1990 Murray
649 1927 714 1976 1853
725 1925 784 1988 (635
796 1925 856 1989 p.).“
870 1927 915 1974 cfr.
926 1941 1002 1991 supra
1013 1943 1037 1990 p.
1047 1925 1180 1988 XXXIII,

48 1995 124 2062 'not
162 2010 220 2071 Quo
239 2011 305 2060 libro
323 2009 575 2074 magnificentissimo
593 2014 684 2076 iugens
702 2016 778 2073 atque
790 2011 923 2074 praeclara
939 2011 1083 2060 continetur
1095 2025 1180 2060 rerum

70 2097 150 2157 silva,
169 2095 201 2144 ab
220 2110 242 2146 a
263 2095 328 2144 1847
347 2094 467 2158 deinceps
485 2085 646 2162 comparata,
665 2109 715 2158 qua
734 2095 858 2157 Assyriae
884 2087 1044 2158 antiquitatis
1067 2096 1179 2158 cognitio

70 2192 228 2244 magnopere
246 2179 402 2243 amplificata
418 2187 471 2241 est3
496 2189 598 2244 praeter
615 2189 701 2230 cetera
719 2177 855 2228 Sanheribi
873 2181 941 2244 regis
959 2179 1180 2244 praestantissima

56 2270 239 2315 ¹monumenta
256 2264 418 2325 reperiuntur
436 2263 575 2328 descripta,
596 2280 643 2312 nec
661 2248 713 2311 non
732 2277 870 2311 cuneorum
883 2266 1025 2313 sententiae
1038 2264 1177 2314 secuudum

70 2351 169 2398 Hrunsn
186 2353 213 2396 et
230 2345 398 2396 mtunsonr
415 2347 641 2411 interpretationes
659 2346 819 2410 propositae3
839 2353 864 2394 et
882 2363 939 2394 cum
953 2347 1080 2409 permulta
1092 2363 1124 2396 ex
1137 2349 1178 2408 iis,

70 2449 136 2498 quae
159 2433 192 2482 de
214 2432 289 2481 rebus
307 2431 474 2493 Assyriorum
497 2433 657 2492 notavimus,
680 2431 833 2494 gravissimo
860 2429 908 2479 hoc
932 2430 997 2478 libro
1020 2446 1178 2495 magnopere

70 2523 212 2582 appareant
229 2515 391 2577 confirmata,
409 2531 474 2579 quae
493 2519 599 2566 maximi
617 2517 752 2566 videantur
769 2515 893 2563 momenti
911 2528 979 2574 esse,
1005 2529 1037 2564 ea
1057 2515 1177 2580 deinceps

70 2605 122 2651 iam
141 2599 261 2650 addenda
278 2600 489 2649 exisumavtmus.
509 2625 538 2634 -
558 2605 598 2650 Ac
620 2601 731 2665 primum
754 2597 858 2662 quidem
881 2599 1020 2648 Larianus
1044 2607 1071 2648 et
1094 2601 1177 2663 ipsum

70 2688 101 2736 de
120 2685 170 2734 diis
182 2685 242 2732 Ass.
260 2685 297 2731 ita
313 2682 430 2731 videmus
449 2685 557 2745 sentire,
576 2692 604 2734 ut
622 2687 733 2749 supremi
751 2683 862 2732 numinis
880 2681 943 2731 duas
956 2684 1063 2746 reperiri
1080 2685 1177 2746 figuras

71 2784 148 2835 supra
165 2769 305 2831 descriptas
324 2767 382 2814 illas
401 2783 424 2828 p.
438 2769 549 2830 XXIII,
570 2771 698 2818 existimet
710 2787 735 2833 p.
745 2769 803 2818 637.
817 2769 831 2818 8
838 2786 845 2830 ;
864 2774 890 2816 et
908 2766 977 2830 quod
995 2765 1029 2814 ad
1046 2766 1178 2816 Ascherae

7 2871 9 2896 ³
71 2859 201 2904 notionem
219 2851 398 2900 illustrandam
417 2851 520 2912 attinet,
539 2867 570 2900 ea
588 2853 688 2903 arboris
707 2867 794 2903 sacrae
809 2853 919 2916 species,
938 2864 1014 2913 quam
1026 2851 1109 2913 primo
1120 2849 1176 2897 loco

7 2991 8 3002 ,
70 2939 261 3003 descripsimus,
280 2935 408 2984 luculento
424 2935 543 2999 exemplo
556 2936 666 2985 habetur
682 2955 706 3001 p.
720 2938 784 2998 343,
801 2951 858 2986 eum
868 2936 945 2984 tertia
956 2935 1022 2982 ratio
1036 2933 1176 2982 clarissime

7 3011 8 3022 ¹
70 3016 241 3078 conspiciatur
264 3018 291 3067 in
314 3019 429 3082 cylindro
453 3018 565 3082 quodam
583 3019 720 3071 Sanheribi
737 3040 762 3087 p.
777 3021 833 3071 160.
859 3019 915 3080 Quo
935 3017 1001 3066 adde
1021 3017 1176 3080 simplicissi-

69 3115 139 3150 mam
159 3100 258 3150 arboris
274 3103 384 3151 formam
403 3102 436 3152 ad
455 3117 551 3152 meram
569 3112 686 3155 naturam
706 3121 852 3170 expressam
871 3105 897 3153 in
917 3101 1033 3166 cylindro
1047 3100 1174 3164 Babylon.

70 3187 117 3236 cfr.
135 3185 240 3232 Hoarsn
252 3183 364 3236 Chalde'e
381 3194 413 3236 ct.
433 3189 484 3236 tab.
498 3189 544 3248 20,
557 3188 599 3251 fig.
610 3191 634 3237 4.
653 3189 735 3239 Porro
754 3190 1020 3254 praeterAssaracum
1040 3185 1095 3234 XII
1113 3186 1176 3234 deos

69 3272 181 3320 maiores
199 3269 392 3330 distinguendos
411 3287 535 3320 unacum
555 3271 643 3322 Rawn.
664 3281 689 3322 et
706 3275 813 3322 Hmusro
831 3273 922 3334 docet,
942 3285 1049 3334 quorum
1070 3269 1176 3338 nomina

70 3358 97 3404 in
116 3354 186 3428 regia
203 3353 292 3402 tabula
310 3357 421 3417 quadam
439 3363 610 3424 recensentur,
628 3357 674 3406 cfr.
691 3373 716 3421 p.
731 3359 794 3420 629;
819 3355 926 3405 totidem
945 3353 1013 3419 apud
1031 3353 1175 3418 Aegyptios

72 3447 100 3488 et
118 3436 184 3500 apud
203 3437 315 3486 Graecos
334 3439 371 3488 dii
388 3443 500 3490 maiores
517 3441 627 3490 fuerunt.

123 3538 145 3584 p.
158 3523 251 3581 XXX,
270 3523 286 3570 Ι.
300 3525 323 3572 8.
358 3524 472 3589 Populus
495 3541 547 3575 non
570 3526 645 3575 desiit
667 3526 801 3574 immolare
825 3524 851 3572 in
874 3523 997 3571 montium
1020 3522 1101 3586 iugis,
1128 3522 1174 3571 cIr.

72 3606 189 3658 2Parall.
206 3605 359 3668 xxx‚,17.
394 3609 529 3658 Eiusmodi
548 3624 608 3660 arae
625 3611 653 3659 in
670 3617 756 3659 monte
774 3609 927 3658 constitutae
948 3608 1086 3670 imaginem
1104 3606 1175 3655 exhi·

72 3692 116 3739 bet
133 3688 194 3736 Bou.
213 3691 274 3739 Nin.
293 3709 316 3755 p.
331 3693 388 3742 172.

124 3791 147 3838 p.
159 3775 293 3838 XXXVI,
311 3777 328 3826 l.
347 3793 373 3826 n.
408 3775 510 3835 Quanto
535 3778 662 3827 Rawurns.
687 3784 712 3830 et
729 3777 849 3826 Htunsrus
872 3775 927 3836 (cfr.
946 3775 1129 3824 Transactions
1148 3775 1178 3822 of

72 3859 116 3908 the
139 3857 168 3907 R.
187 3858 253 3906 Irish
271 3860 419 3922 Academy,
442 3861 566 3910 vol.XX.
589 3861 671 3910 XXII
689 3861 731 3922 ct.)
755 3868 780 3910 et
801 3863 950 3921 Larianus,
974 3873 1046 3908 susm
1068 3857 1175 3920 quisque

74 3944 152 3993 secuti
169 3945 310 4005 rationem,
333 3944 367 3994 ad
385 3945 489 3993 easdem
507 3947 589 4008 magis
607 3947 739 4008 magisque
752 3947 912 3996 adducantur
927 3945 1080 4002 sententias,
1098 3948 1175 4001 atque

74 4033 99 4077 in
119 4029 220 4077 minutis
237 4035 337 4077 tantum
355 4029 430 4078 rebus
449 4028 617 4090 dissentiant,
635 4045 681 4094 per
693 4045 768 4078 omlre
780 4032 897 4080 Lamum
915 4045 978 4094 opus
992 4025 1102 4076 dilucide
1115 4040 1173 4073 con-

74 4113 182 4177 spicitur.
219 4114 334 4162 Maxime
349 4120 435 4162 autem
453 4113 573 4176 ponderis
592 4122 631 4163 ast
649 4115 737 4164 tabula
755 4117 880 4178 quaedam
900 4117 1031 4178 signorum
1054 4116 1175 4159 cuneatu-

75 4214 140 4258 rum,
164 4199 190 4245 in
213 4199 329 4262 cylindro
348 4214 482 4264 expressa,
504 4199 537 4247 de
555 4213 605 4262 qua
623 4199 684 4246 Lar.
703 4216 726 4263 p.
741 4200 804 4248 345:
832 4215 879 4261 ,on
904 4214 953 4248 one
975 4193 1109 4260 (cylinder)
1126 4193 1173 4242 Dr.

75 4285 150 4332 11111111
169 4281 216 4331 has
234 4282 351 4334 detectad
370 4299 386 4334 a
403 4284 472 4332 table
491 4284 521 4332 cI
536 4284 579 4333 the
600 4285 673 4332 velue
692 4285 721 4333 of
736 4285 833 4334 certain
852 4283 993 4332 cuneiform
1009 4283 1111 4341 letters,
1129 4293 1172 4327 ex-
