2966 5090
375 310 400 385 ξ.
419 314 443 366 9.
468 308 690 367 lucamanruu
707 323 906 368 oovsruorns.
1088 329 1196 370 nxxvrr

134 494 209 568 Quo
228 493 308 552 lacto
326 509 391 550 oum
409 492 647 567 potentissimum
664 492 859 569 Assyriomm
881 493 1036 568 imperium
1054 513 1113 552 una
1129 513 1195 554 cum

76 595 246 671 magnifica
263 593 337 650 urba
361 591 494 651 funditus
512 609 646 652 eversum
670 602 763 665 esset,
790 594 962 652 vaticinium
986 592 1118 652 Nahumi
1135 611 1195 654 non

78 695 254 752 confectum
273 693 394 752 omnino
412 702 503 770 atque
519 693 689 752 absolutum
706 702 765 766 est3
784 695 905 752 eacnim
922 713 987 752 cum
1001 694 1195 769 plurimorum

79 797 119 852 V.
139 795 182 853 Ti
200 793 424 864 vaticiniorum,
443 801 506 850 tum
524 812 626 853 eorum
644 794 769 853 tenenda
786 794 863 853 ratio
881 803 942 866 est,
969 813 1046 871 quaa
1062 795 1101 852 de
1116 813 1194 854 sum-

79 897 141 954 mis
171 894 252 953 orbis
276 903 421 952 terrarum
446 893 545 969 regnis
567 895 651 953 edita
673 903 751 966 sunt,
771 896 851 971 quod
877 913 937 952 noo
968 914 1072 953 eversa
1093 895 1196 972 aliqua

81 1003 189 1072 genta,
213 1013 316 1052 verum
332 994 472 1052 universa
489 994 604 1052 demum
624 995 771 1052 mundana
786 1003 936 1070 potestate
953 996 1117 1067 destructa,
1142 996 1195 1054 ba·

82 1095 187 1154 manis
202 1095 292 1153 rebus
316 1095 425 1166 finitis,
444 1094 483 1151 ad
500 1095 620 1168 plenum
637 1095 875 1172 cumulatumque
891 1094 1092 1170 perducuntur
1108 1113 1196 1154 even-

85 1205 168 1254 tum.
191 1196 247 1254 Est
264 1195 340 1252 enim
358 1195 461 1253 eadem
478 1213 595 1268 semper
611 1194 698 1253 huius
717 1194 817 1252 mundi
834 1203 985 1270 potestas,
1011 1214 1088 1272 quae
1105 1197 1195 1252 modo

85 1297 152 1353 hac
170 1295 255 1352 modo
273 1295 326 1352 illa
343 1304 444 1372 gente,
463 1295 614 1371 variisque
632 1295 770 1371 deinceps
793 1296 913 1372 regibus
938 1293 1196 1370 comprehenditur

87 1405 185 1471 atqua
202 1413 345 1470 expressa
367 1395 493 1452 refertur
508 1394 645 1471 imagine.
662 1395 754 1472 ·Ergo
778 1396 930 1471 praedicta
953 1395 1016 1454 eius
1039 1396 1123 1470 regni
1146 1397 1195 1452 de·

87 1495 233 1566 structio,
251 1495 298 1553 cui
316 1495 368 1552 illo
384 1495 464 1552 forte
479 1502 612 1569 tempore
630 1513 745 1553 summa
762 1496 798 1552 de
815 1497 888 1553 orbe
905 1503 1047 1552 terrarum
1062 1495 1197 1569 potentia

88 1596 274 1672 contigerat,
292 1596 397 1654 iterum
410 1595 576 1670 iterumque
593 1595 704 1666 evenit,
723 1592 1018 1666 doaecbelluaista¹,
1037 1613 1114 1670 quae
1131 1594 1196 1651 uni·

88 1715 210 1756 versam
229 1695 348 1754 omnino
370 1702 549 1770 potestatem
575 1694 693 1752 divinae
717 1693 831 1752 civitati
846 1693 994 1751 inimicam
1012 1694 1043 1750 in
1067 1711 1099 1751 se
1120 1694 1197 1768 gerit

89 1797 247 1854 collectam
264 1805 294 1854 et
308 1795 565 1871 comprehensam,
583 1794 614 1852 in
631 1795 748 1870 igneum
766 1793 927 1871 aliquando
945 1792 1120 1851 coniiciatur
1136 1802 1196 1850 sta·

89 1915 201 1972 gnum,
227 1905 257 1954 ct
274 1916 343 1954 vore
366 1896 417 1972 qui
435 1895 571 1953 dicrmtur
587 1894 741 1954 Israelitae
757 1895 796 1952 ab
814 1895 877 1954 aius
894 1895 1018 1954 arbitrio
1045 1900 1075 1950 et
1097 1909 1196 1968 perso·

90 1997 211 2055 cutione
228 1996 370 2055 vindicati
386 1997 446 2055 sint
462 1996 494 2053 in
512 1995 610 2054 secula
628 1995 802 2054 seculorum.

342 2172 368 2248 g.
386 2176 410 2228 9.
436 2184 694 2236 muraenarum
711 2184 951 2236 cousrauvus.

144 2297 268 2368 Restat,
286 2306 320 2354 ut
336 2315 437 2354 corum
455 2297 575 2356 nomina
587 2298 744 2356 videantur
758 2297 954 2367 recensenda,
974 2315 1099 2373 quorum
1112 2297 1198 2358 libris

93 2401 122 2454 in
141 2397 323 2472 explicando
340 2395 471 2454 Nahumi
490 2398 629 2456 vaticinio
648 2399 694 2457 usi
711 2416 827 2468 sumus3
854 2397 884 2454 id
902 2397 983 2471 quod
1000 2398 1043 2455 ita
1060 2398 1197 2456 absolvo·

94 2517 179 2570 mus,
204 2506 237 2555 ut
253 2517 292 2554 ex
308 2497 361 2569 iis,
385 2498 436 2573 qui
454 2497 500 2556 vel
518 2498 687 2556 universum
706 2497 742 2554 V.
761 2497 816 2567 T.,
842 2495 889 2552 val
907 2495 969 2550 XII
985 2498 1198 2570 prophetarum

94 2599 220 2668 librum,
243 2597 291 2656 vel
317 2598 414 2656 solum
430 2598 563 2656 Nahumi
580 2596 752 2654 vaticinium
769 2593 954 2654 versionibus
972 2601 1001 2651 ct
1018 2603 1198 2651 commenta·

95 2699 151 2756 riis
166 2697 403 2768 illustraverunt,
422 2698 630 2774 gravissimum
648 2714 794 2773 quemque
811 2702 840 2752 et
858 2711 933 2771 quos
947 2692 1103 2750 evolvendi
1118 2693 1199 2750 facta

96 2798 183 2856 nobis
207 2804 340 2873 potestas
362 2798 467 2869 fuerit,
497 2798 696 2873 appellemus3
730 2795 782 2871 qui
807 2793 937 2869 amplum
960 2793 1199 2870 cumulatumque

95 2899 265 2958 desiderant
282 2897 465 2973 catalogum,
491 2917 592 2955 eorum
609 2896 799 2973 praesertim,
823 2894 875 2971 qui
891 2892 1030 2952 Nabumo
1055 2893 1199 2969 interpre-

95 2999 185 3056 tando
205 2998 382 3073 singularem
401 3015 521 3073 operam
541 3006 702 3068 navarunt,
728 2997 765 3055 iis
783 3001 901 3072 praeter
918 2992 1120 3062 Gaurzovmu
1137 2995 1199 3070 (ln-

96 3099 172 3157 trod.
191 3097 218 3169 1,
236 3117 265 3172 p.
280 3101 349 3156 css.
367 3097 423 3170 111,
438 3117 467 3173 p.
475 3102 524 3155 263
539 3117 578 3157 ss.
597 3102 647 3155 296
661 3117 700 3157 ss.
717 3101 767 3155 395
782 3099 837 3174 ss.)
855 3094 983 3154 adeundi
996 3103 1066 3153 sont
1078 3095 1200 3153 Rossrv-

95 3213 279 3257 nuanunans
296 3195 431 3272 (Scholia
447 3198 479 3255 in
497 3198 533 3256 V.
551 3199 587 3256 T.
606 3199 681 3270 VII,
700 3217 729 3273 p.
743 3200 793 3254 245
808 3199 863 3274 ss.)
881 3204 910 3254 et
925 3195 1048 3266 Iusrrns
1065 3194 1200 3269 (Nahum

95 3317 152 3356 ueu
169 3299 320 3360 ubersetzt
337 3297 395 3356 und
413 3297 535 3357 erkliirt.
554 3319 585 3374 p.
601 3303 631 3356 12
650 3301 715 3376 sa).
1066 3284 1068 3288 ’

145 3400 193 3456 Ac
210 3397 337 3472 primum
361 3397 479 3473 quidem
503 3407 535 3456 ut
558 3399 594 3456 de
614 3397 862 3458 versionibus
886 3393 1035 3451 veteribus
1058 3392 1201 3464 dicamus,

97 3500 326 3556 Ataxanunnva
343 3497 393 3572 (de
410 3516 470 3573 qua
487 3498 540 3558 cfr.
559 3518 635 3576 quae
657 3517 751 3574 nuper
767 3497 983 3552 Wronannaus
1007 3492 1044 3550 da
1059 3491 1202 3551 Ieremiae

97 3597 233 3656 versione
250 3596 456 3656 Alexandrina
473 3617 501 3672 p.
514 3603 617 3671 4-35,
642 3606 671 3656 et
687 3597 830 3656 Turrinus
849 3592 964 3651 comm.
988 3592 1062 3649 tiber
1079 3594 1127 3652 die
1144 3593 1200 3651 Bb.

98 3697 150 3756 der
165 3697 247 3760 Koa.
266 3715 296 3772 p.
310 3697 388 3754 Xlll
405 3716 445 3762 ss·
463 3697 702 3774 disputaverunt)
720 3697 794 3754 adeo
812 3691 956 3752 mendosa
973 3698 1018 3748 est
1040 3699 1130 3766 atque
1151 3711 1202 3749 ne-

98 3798 243 3874 gligenter
259 3781 409 3869 instituta,
426 3777 482 3856 ³vir
499 3806 533 3856 ut
548 3798 694 3858 interdum
706 3790 980 3870 interpretationem
988 3788 1091 3847 iuvare
1102 3791 1202 3848 videa-

97 3905 159 3968 tur;
189 3896 375 3956 auctoritatis
396 3897 486 3973 igitur
511 3918 600 3975 quam
624 3897 778 3975 dignitatis
802 3911 909 3954 caussa
933 3889 1052 3964 saepius
1080 3889 1203 3948 laudata

99 4007 151 4056 est.
179 3997 300 4072 Aliquis
323 3997 401 4055 forte
431 3998 577 4058 redundat
601 4019 671 4058 usus
696 4019 712 4056 e
736 3997 858 4074 reliquis
882 3990 1068 4051 versionibus
1095 4007 1202 4068 graeco

99 4115 233 4154 sermone
256 4097 423 4172 expressis,
450 4117 466 4154 e
490 4100 596 4174 quibus
614 4100 853 4158 Tnaouorrovrs
875 4093 928 4152 illa
949 4090 1040 4150 Lxx
1065 4090 1204 4167 religiose

151 4321 175 4382 1)
191 4321 244 4371 Cir.
263 4325 344 4384 Apcc.
363 4321 441 4383 XIX,
454 4329 494 4375 20.
