2888 5088
526 315 600 378 cn.
614 317 644 390 l,
662 333 691 378 v.
705 322 732 377 t.
1140 319 1187 392 23

69 499 111 556 nd
130 517 222 575 quem
238 497 491 576 interpretandam
507 500 569 560 inm
584 499 770 576 secedimus,
787 503 920 581 quinquo
937 505 1072 566 versibus
1087 508 1189 572 ubsol-

70 598 171 671 vitur,
190 616 317 676 quorum
334 601 467 660 membru
484 600 554 660 bins
571 601 714 678 bipertito
726 621 863 682 quosque
880 611 966 678 suut3
982 605 1027 666 ita
1044 610 1187 672 torrentis

69 700 170 760 instar
187 699 289 758 omnin
304 702 520 776 prosternentis
544 701 686 774 decurrit3
709 702 833 764 simulac
854 705 895 764 od
912 705 1076 768 bonitatem
1094 709 1142 770 dsi
1159 719 1190 772 ct

69 819 179 876 pacem
197 801 277 876 genti
300 820 371 862 suoe
387 803 554 878 parandam
571 811 692 862 ventum
715 811 776 876 est,
799 805 972 866 moderatur
993 809 1099 885 rapido
1122 825 1188 872 cur·

70 901 135 974 sui,
156 901 327 960 stulterum
344 903 552 964 tantummodo
568 904 707 980 deinceps
723 904 887 967 membrum
904 906 936 969 in
948 907 1024 968 dues
1036 910 1102 970 obit
1117 931 1188 988 por-

71 1001 199 1074 ticulus,
230 1002 316 1078 signo
342 1003 458 1080 sokeplr
480 1004 651 1077 ducum,
682 1004 809 1064 ulturum
833 1006 981 1086 integrum
1004 1019 1065 1083 θοις
1096 1011 1188 1074 veluu'

69 1103 232 1178 praeclaro
249 1122 316 1162 cum
332 1105 463 1181 pondere
478 1105 511 1164 in
526 1105 629 1167 limine
645 1105 746 1166 stetim
758 1106 887 1168 sistitur:
911 1122 984 1176 mur
1005 1125 1075 1178 asc.
1101 1111 1189 1188 Quos

68 1203 154 1262 ratio
178 1212 363 1282 quantopere
387 1205 428 1264 od
456 1206 606 1268 divonem
636 1207 848 1270 sententiarum
872 1179 1010 1270 nutrirem
1033 1212 1189 1274 referendo

69 1304 127 1377 sit,
154 1304 281 1364 dilucide
303 1306 432 1368 ostendit
448 1327 478 1368 v.
492 1312 526 1382 9,
551 1307 604 1386 qui
624 1327 681 1384 pro
704 1307 806 1370 indole
826 1329 883 1370 sus
905 1309 1020 1386 prime
1043 1313 1188 1390 strophae

70 1404 218 1466 similiore
239 1406 279 1465 nd
300 1407 464 1483 pleniorem
488 1409 609 1484 etipse
631 1409 791 1480 verborum
812 1429 967 1472 numerum
990 1413 1095 1490 vergit.
1138 1413 1187 1476 De

69 1506 194 1583 postica
210 1507 330 1566 omnino
348 1508 435 1572 huius
452 1508 585 1586 vnpoinii
602 1517 711 1570 nutura
727 1511 781 1572 etr.
799 1510 888 1588 proll.

541 1771 543 1778 ’
593 1763 668 1819 ul.

121 1912 225 1970 Bonus
241 1911 384 1972 Donum
406 1922 434 1971 et
454 1913 623 1970 meumento
646 1921 687 1970 est
708 1912 753 1972 dte
774 1915 937 1988 anpustioe,
960 1921 989 1970 et
1007 1929 1116 1986 perones
1139 1933 1184 1972 eo·

69 2033 153 2084 mm,
169 2016 219 2089 qut
235 2014 377 2089 confident
392 2017 427 2073 ei.
469 2011 554 2074 Hnec
570 2012 648 2072 enim
665 2012 746 2072 lueto
762 2021 808 2075 est
822 2012 999 2090 iudiciorum
1016 2013 1184 2076 divinorum

69 2133 163 2190 pars,
182 2114 263 2192 quod
279 2114 362 2191 pios,
379 2114 450 2174 licet
467 2111 672 2174 concutiantur
689 2122 720 2174 et
734 2113 794 2190 ipsi
810 2115 963 2178 tremendo
978 2115 1030 2185 dei,
1039 2115 1182 2192 potentia,

69 2215 183 2276 solutio
200 2222 298 2274 tumen
317 2215 449 2282 affininut
466 2222 496 2274 et
512 2214 643 2290 erigant3
661 2214 803 2276 ofr.·Luu
818 2215 913 2290 XXI,
931 2219 974 2276 28.
1009 2214 1094 2289 „Istc
1110 2235 1182 2280 vero

70 2315 226 2394 oppositio
244 2323 290 2376 est
305 2315 517 2376 sententiarum
533 2323 595 2375 tam
612 2314 726 2388 subita,
743 2323 777 2374 ut
793 2315 867 2378 solis
879 2315 996 2376 redium
1007 2315 1183 2395 aequiperet

69 2437 128 2493 per
145 2435 248 2478 caccus
266 2417 450 2493 tempestatis
467 2415 605 2476 tenebras
620 2424 742 2492 repente
758 2416 915 2476 effusum.“
940 2415 1086 2476 chuurr.
1121 2432 1180 2484 :uc

6 2567 8 2598 ,
68 2538 133 2577 non
158 2519 234 2577 sdeo
264 2515 476 2593 benignitatem
499 2513 659 2592 exprimit,
690 2535 780 2594 quum
800 2515 891 2582 LXX
913 2523 943 2576 et
963 2515 1097 2594 plerique
1120 2523 1181 2578 stu·

69 2626 163 2678 tuunt
176 2617 370 2692 interpretes,
395 2636 486 2694 quum
502 2617 684 2688 boniutem,
705 2614 830 2693 propius
853 2622 1012 2693 cognotam
1028 2635 1095 2674 cum
1111 2633 1182 2692 pro·

68 2720 183 2790 bitete,
202 2717 256 2776 cir.
269 2715 322 2776 Ps.
332 2717 437 2790 XXV,
454 2721 471 2778 8
479 2737 488 2788 3
505 2716 573 2790 ideo
589 2726 713 2792 peccatu
729 2716 882 2776 condonet
896 2716 958 2777 suis
970 2717 1024 2777 Ps.
1036 2715 1182 2789 LXXIII,

72 2825 107 2891 13
125 2816 309 2892 LXXXVI,
325 2822 361 2892 5,
380 2827 422 2878 et.
433 2837 510 2896 quoe
525 2816 676 2894 pollicitus
692 2817 730 2878 iis
747 2825 808 2891 ost,
832 2825 913 2878 certo
929 2825 1063 2895 praestat
1078 2817 1131 2885 Ps.
1145 2815 1181 2890 0,

71 2923 105 2992 ὃς
133 2918 284 2992 CXVIII,
301 2923 328 2980 I.
373 2919 504 2978 lousnn.
521 2914 759 2999 udditirrwc,
782 2919 834 2978 Ps.
847 2918 1000 2992 LXXIII,
1017 2922 1035 2978 3
1051 2925 1181 2991 secutus,

73 3040 129 3080 nec
147 3019 257 3080 oblitus
280 3020 443 3080 bonitatem
464 3020 511 3080 dei
535 3039 596 3078 non
612 3039 702 3098 posse
718 3015 868 3096 experiri,
892 3019 952 3080 uisi
975 3019 1027 3098 qui
1052 3019 1093 3080 sd
1117 3018 1180 3078 mus

74 3139 194 3198 gregem
217 3129 417 3190 numerentur.
464 3122 737 3185 Munimentum
761 3120 943 3198 praesidium
967 3139 1089 3184 sucrum
1107 3121 1181 3182 deus

74 3221 249 3298 saepissime
273 3222 410 3296 ¹dicitur,
444 3223 500 3284 cfr.
531 3223 585 3282 Ps.
605 3222 744 3295 XXVII,
775 3227 807 3296 13
842 3220 1014 3295 XXXVII,
1039 3226 1074 3280 39
1081 3242 1090 3294 3
1120 3221 1180 3280 les.

74 3322 177 3396 XXV,
195 3329 230 3395 43
256 3323 319 3384 lcel
330 3323 386 3397 IV,
407 3329 441 3396 63
466 3324 520 3383 cir.
538 3323 627 3388 Scclr.
640 3322 681 3395 11,
700 3327 732 3395 ὓς
756 3322 804 3381 hic
826 3331 926 3387 cutem
951 3321 1068 3398 egregie
1090 3322 1180 3380 etism

76 3423 237 3502 opponitur
264 3425 389 3501 rupibus
418 3424 560 3488 contusis.
603 3424 766 3499 Pet-peram
794 3420 1000 3481 reddiderunt:
1035 3420 1179 3480 fortitudo

75 3525 231 3597 Vnusnn.;
261 3525 353 3584 robur
374 3523 492 3596 Duos,
514 3525 633 3596 Bunru,
663 3529 693 3580 et
715 3522 911 3581 confuderunt
936 3537 1008 3590 nnn
1031 3539 1099 3580 cum
1127 3536 1180 3592 rut

77 3639 148 3692 iuno
165 3626 264 3686 locum
280 3625 427 3686 munitum
444 3631 530 3692 uolut
540 3623 606 3682 Iud.
613 3621 668 3694 VI,
685 3625 719 3680 26
724 3641 733 3694 3
750 3622 807 3688 les.
821 3620 940 3693 XXIII,
956 3625 992 3691 43
1007 3621 1062 3682 Eu.
1075 3620 1180 3693 XXX,

78 3728 118 3784 15.
153 3725 252 3786 Porro
268 3725 414 3808 refugium
436 3723 549 3784 hebent
564 3722 748 3795 Kununuu,
764 3712 912 3796 numu,
933 3720 1046 3797 pressis
1063 3718 1181 3783 Souni-

79 3842 179 3888 rnnsu
201 3827 335 3906 vestigiis
359 3825 413 3902 (ud
429 3826 521 3885 Prcv.
534 3823 621 3898 XIV,
638 3824 702 3902 25);
726 3823 815 3900 plene
837 3821 977 3882 aberrent
991 3820 1081 3880 LXX
1109 3817 1183 3892 τοῖς

79 3917 302 4006 ὑπομένουσιν
318 3915 433 4000 atsto,
451 3926 588 3990 Hmnon.
606 3933 637 3986 et
653 3924 825 3990 contentens
838 3930 893 3987 etc.
937 3923 1009 3982 Βία
1026 3922 1182 4000 ungustios

79 4049 115 4089 ex
132 4032 287 4110 turiusque
303 4029 472 4096 testamenti
487 4046 545 4088 usu
561 4046 617 4104 pro
634 4035 768 4103 ternpore
784 4026 905 4098 dicitru,
930 4024 983 4086 cfr.
1000 4024 1048 4099 11,
1065 4029 1098 4098 43
1123 4023 1180 4098 III,

81 4136 125 4204 173
156 4147 223 4193 trust
244 4131 413 4205 calunnius,
431 4131 507 4192 nlius
524 4127 682 4188 coniuncte
698 4146 764 4188 cum
782 4143 865 4203 ripis
884 4126 936 4185 ell.
953 4125 1011 4188 les.
1023 4124 1129 4202 XXX,
1146 4129 1180 4198 63

80 4231 214 4311 Zeph,1,
234 4238 283 4306 153
300 4232 403 4294 ilsdern
420 4232 483 4292 fero
500 4231 599 4291 verbis
615 4229 692 4289 idem
710 4229 781 4290 dicit
796 4229 899 4290 ierem.
913 4227 999 4301 XVI,
1018 4233 1060 4302 19,
1078 4226 1180 4305 copio-

82 4334 139 4396 sius
156 4337 209 4398 Ps.
223 4333 392 4406 XXXVII,
410 4338 461 4407 39,
487 4332 569 4396 ornus
586 4331 643 4392 loci
661 4332 760 4392 nescio
777 4351 816 4392 en
834 4329 1003 4394 meminerit
1019 4338 1121 4401 vetes,
1144 4345 1180 4386 eo
