2918 5098
296 319 341 386 50
710 318 782 377 usn.
797 318 842 391 11,
862 339 890 385 v.
907 322 986 376 1-5.

239 546 244 555 -
294 507 415 584 Respici
433 513 531 563 autem
548 504 605 562 les.
619 502 691 575 LII,
712 508 724 559 1
744 521 779 560 eo
798 503 906 562 certius
924 512 984 574 est,
1005 520 1065 580 quo
1083 501 1181 577 prima
1195 519 1298 560 versus
1311 503 1386 560 verba

294 629 339 679 ex,
351 607 454 666 eodem
472 606 570 682 capite
585 604 680 680 petita
697 603 916 674 intelleximus,
933 603 1003 661 lieet
1016 603 1184 662 sententiae
1202 602 1296 678 magis
1313 622 1386 679 quam

294 711 386 772 verba
404 707 576 775 concinant:
596 705 837 782 „expergiscere,
857 705 1077 781 expergiscere,
1095 703 1185 761 indue
1203 703 1386 761 fortitudinem

295 820 392 882 tuam,
410 809 501 880 Zion,
517 850 524 866 .
539 851 547 866 .
563 851 571 864 .
590 825 649 866 non
666 805 745 864 euim
761 805 941 882 ingredietur
958 813 988 862 te
1005 789 1132 879 amplius
1149 803 1348 880 praeputiatus
1363 811 1386 860 et

293 910 505 979 immundus;“
534 908 611 966 ratio
628 907 706 965 inter
724 915 881 983 utrumque
898 906 1000 965 eadam
1015 905 1185 977 intercedit,
1205 923 1293 981 quam
1310 923 1385 980 supra

295 1011 496 1088 exposuimus.
531 1008 580 1066 De
596 1026 669 1066 voce
686 999 778 1070 59³5:
799 1007 852 1066 cfr.
870 1003 900 1080 1,
921 1011 962 1064 11.
998 1004 1133 1064 Positive
1150 1006 1272 1067 eandem
1289 1005 1385 1080 cogita·

295 1114 421 1182 tionem,
447 1117 476 1166 et
494 1126 628 1168 naussum
654 1108 741 1168 simul
758 1107 992 1166 antecedentium
1017 1107 1173 1165 verborum
1191 1105 1317 1164 adduntr
1334 1099 1384 1166 nir

296 1229 389 1288 urar,
409 1218 508 1281 totus,
531 1227 583 1268 seu
601 1207 639 1266 ad
656 1208 789 1268 literamt
814 1208 995 1268 universitas
1017 1207 1079 1266 eius
1098 1207 1247 1265 exstincta
1264 1215 1319 1277 est3
1341 1205 1384 1262 cfr.

295 1314 324 1384 Ι,
346 1317 386 1370 14.
423 1309 531 1370 suffixi
549 1309 662 1385 species
687 1313 708 1368 lt
732 1327 770 1366 ex
787 1308 933 1384 ampliore
956 1323 1024 1388 tn:
1047 1316 1199 1366 contracta
1218 1306 1321 1378 evasit;
1341 1305 1384 1362 cfr.

294 1411 504 1490 Burcana,
524 1416 548 1469 1.
624 1467 627 1474 ,
701 1447 703 1454 ν

812 1683 840 1722 v.
859 1667 885 1720 2.

342 1794 548 1892 Posteaquam
562 1814 718 1890 Assyriaci
736 1814 819 1891 regni
837 1811 1065 1872 destructionem
1081 1809 1287 1886 praesagiente
1302 1808 1382 1868 anino

296 1915 447 1992 praecepit
464 1924 563 1986 vates,
581 1913 658 1987 iam,
683 1915 833 1992 quomodo
852 1932 887 1972 eo
905 1921 1061 1972 venturum
1078 1911 1136 1983 sit,
1151 1911 1311 1986 praeclaris
1325 1913 1382 1966 ima-

294 2015 415 2092 ginibus
439 2015 479 2072 sd
503 2014 603 2072 vivum
633 2015 783 2090 exprimit.
828 2013 927 2088 Serpit
956 1987 1114 2088 dispergam
1142 2013 1275 2070 aduersus
1296 2013 1383 2086 facicm

298 2118 395 2173 tuam!
421 2117 528 2172 mstodi
550 2117 744 2185 munitionem,
766 2113 909 2190 speculare
931 2117 1021 2186 ctam,
1045 2114 1173 2186 conserta
1195 2113 1312 2181 lumbos,
1332 2128 1382 2169 ccu-

295 2219 378 2286 lirma
400 2215 486 2272 robam
510 2221 696 2291 mapncpcrc!
738 2210 802 2278 ulcu
823 2216 903 2274 hand
926 2234 995 2272 raro
1018 2213 1178 2290 significat:
1203 2213 1386 2288 bellopetere

298 2326 406 2376 terram
425 2335 476 2376 seu
494 2317 616 2389 urbem,
640 2323 652 2374 1
668 2317 745 2392 Rege
757 2313 827 2390 XV,
847 2321 895 2388 173
913 2315 990 2388 XX,
1009 2319 1058 2386 22;
1075 2314 1132 2372 Ies.
1147 2313 1222 2386 VH,
1243 2319 1266 2370 1.
1285 2319 1314 2385 6;
1336 2309 1386 2368 Icel

262 2437 267 2446 ·
296 2419 328 2491 1,
349 2423 395 2490 163
418 2417 626 2491 Mieh.11,13.
663 2432 736 2494 pron
758 2427 836 2495 part.
853 2416 904 2474 Hi.
928 2437 955 2474 a.
975 2437 1002 2474 v.
1021 2428 1097 2492 vta,
1118 2413 1292 2492 plerumque
1316 2411 1387 2470 dissi-

296 2540 383 2596 pare,
409 2519 506 2578 rarius
531 2539 627 2597 noque
650 2519 709 2578 nisi
731 2519 762 2578 in
784 2517 888 2578 formis
905 2515 1010 2589 Polel,
1033 2515 1145 2592 Pilpel,
1169 2513 1323 2590 Hithpalel
1344 2512 1389 2572 dif-

296 2621 450 2696 frangere,
475 2620 512 2678 de
535 2619 668 2686 exercitu
686 2620 732 2680 vel
755 2621 792 2678 de
809 2617 928 2696 populis
946 2616 975 2674 vi
999 2617 1127 2676 disiectis
1153 2615 1273 2691 saepius
1295 2615 1390 2674 dictum

297 2721 401 2796 anag.
416 2721 518 2796 xxv,
541 2725 573 2791 s;
603 2721 657 2779 uz.
671 2720 744 2791 xr„
760 2726 806 2792 173
833 2718 914 2791 xx,
933 2721 966 2776 34
984 2717 1049 2790 an,
1080 2718 1138 2776 rea
1158 2699 1276 2788 xxrv,
1297 2721 1308 2772 1
1328 2724 1389 2783 aas

297 2822 482 2892 Knnnnnm,
505 2821 607 2878 Mnus.
627 2821 676 2878 all.
708 2828 817 2880 temere
840 2827 1019 2895 potestatem
1042 2818 1125 2878 verbi
1154 2815 1333 2893 restringunt
1360 2814 1390 2874 ad

296 2920 506 2994 frangendum,
530 2919 713 2977 tolerabilius
735 2917 881 2979 Honunn.
906 2927 1032 2997 utraque
1055 2919 1085 2976 vi
1111 2919 1268 2976 coniuncta
1290 2917 1390 2976 reddit:

296 3020 506 3092 Zersprenger.
531 3059 534 3068 ·
552 3032 625 3090 vona
649 3018 740 3094 igitur
756 3020 783 3078 is
801 3029 863 3092 est,
890 3019 941 3096 qui
958 3019 1116 3096 dispergit,
1144 3018 1230 3078 sicuti
1247 3017 1285 3077 de
1302 3017 1391 3078 Nebn-

296 3117 459 3179 cadnezare
482 3117 591 3178 dictum
615 3128 661 3177 est
677 3119 781 3182 Ierem.
794 3120 852 3193 LI,
871 3124 920 3180 20:
956 3135 1023 3202 vata
1041 3119 1083 3196 (a.
1101 3141 1129 3178 v.
1148 3137 1316 3196 synonymo
1333 3119 1392 3196 vnn)

295 3219 491 3294 „dispergens
514 3231 546 3278 tu
569 3218 640 3276 mihi
663 3239 711 3292 es,
739 3221 966 3286 instrumentum
991 3220 1077 3292 belli;
1108 3228 1139 3278 et
1162 3219 1276 3296 dissipo
1299 3227 1392 3296 perte

295 3331 398 3398 gentes
421 3329 450 3378 et
467 3321 559 3396 perdo
586 3329 687 3396 perte
702 3325 815 3400 regnaf‘
834 3330 889 3380 etc.
933 3321 1031 3384 Semel
1056 3322 1087 3378 in
1105 3309 1321 3392 substantivam
1343 3320 1392 3378 vin

295 3422 369 3481 abiit
391 3422 490 3480 mallei
512 3422 604 3481 Prov.
618 3423 721 3496 XXV,
742 3427 797 3496 18,
817 3422 849 3482 id
872 3424 953 3502 quod
976 3431 1080 3484 nostro
1105 3440 1225 3499 quoque
1249 3421 1316 3480 loco
1340 3419 1393 3480 fieri

296 3521 409 3598 placuit
422 3521 577 3597 CALvsrvo,
595 3523 620 3582 1.
634 3522 674 3583 D.
689 3524 847 3584 Mrcusnns
860 3523 1005 3604 (suppl),
1019 3522 1127 3602 ΙῌΙτζἼ
1141 3523 1207 3580 Ew.
1215 3543 1224 3594 3
1243 3541 1321 3598 quae
1337 3540 1392 3581 sen·

296 3624 387 3682 tentis
411 3643 446 3682 eo
470 3617 689 3701 quodammodo
712 3625 900 3698 sublevatur,
926 3624 1006 3702 quod
1031 3623 1156 3686 malleus
1180 3622 1304 3682 bellicus
1328 3624 1393 3680 inter

295 3725 491 3802 Assyriorum
515 3744 599 3790 arma
623 3726 768 3802 reperitur
779 3725 787 3756 ¹
793 3739 804 3798 ς’
820 3733 859 3784 at
876 3745 946 3786 usus
971 3724 1037 3784 eius
1051 3743 1111 3782 non
1137 3722 1211 3781 adeo
1230 3725 1330 3800 gravis
1347 3730 1392 3791 est,

296 3835 329 3884 ut
351 3845 371 3884 a
392 3825 529 3884 stabilita
551 3825 635 3884 verbi
659 3834 808 3902 potestate
832 3811 1025 3884 recedendum
1050 3825 1194 3885 videatur.
1234 3822 1325 3882 LXX
1345 3840 1392 3899 pro

295 3938 368 3998 vran
380 3923 488 4000 legisse
502 3924 638 3983 videntur
659 3943 749 3986 noun:
778 3914 879 4006 ἀνέβη
895 3918 1053 4006 ἐμφυσῶν
1068 3913 1117 3995 εἷς
1131 3913 1316 4004 πρόσωπόν
1329 3939 1390 3989 σου,

296 4024 429 4081 ascendit
452 4023 609 4084 insufflans
626 4027 657 4084 in
674 4025 779 4085 faciem
798 4035 896 4100 tuam3
921 4029 952 4085 in
968 4047 1027 4105 quo
1046 4026 1200 4086 Cumanus
1218 4023 1392 4085 consuetudi-

296 4141 362 4180 nem
375 4123 557 4214 ·Iudaeprum
574 4125 678 4199 nuit,
690 4117 829 4204 aegrotos
846 4128 983 4188 *afflando
1008 4127 1146 4199 curandi,
1171 4145 1237 4186 curn
1254 4127 1392 4190 Temenu-

297 4267 497 4281 ...υ-ψ

347 4349 371 4410 l)
389 4351 440 4402 Cir.
460 4353 544 4404 (losse
563 4353 672 4415 Assyria
689 4370 712 4417 p.
726 4354 775 4404 266
788 4370 820 4403 ss.
