2918 5098
533 255 613 316 cie
624 257 685 333 111,
704 273 733 316 v.
747 263 772 316 a.
1168 257 1214 326 95

107 463 159 502 sua
174 451 282 504 exutos
297 443 330 504 in
349 443 521 504 servitutem
539 438 654 518 redegit
671 451 700 506 at
719 441 775 502 sibi
793 443 1005 527 mancipavit.“
1030 446 1214 522 Expressam

107 563 173 621 ergo
190 565 220 602 v.
252 559 315 604 aab
342 545 486 607 habemus
511 544 690 604 cumulatam
712 544 876 620 privandae
897 543 1045 607 libertatis
1063 548 1213 608 noti0nem

106 645 279 724 nmine).
306 645 359 706 cfr.
384 646 436 704 Ps.
462 643 575 716 XLIV,
595 648 642 717 133
671 651 684 702 1
704 645 777 722 Reg.
795 645 892 718 XXI,
917 632 960 706 20.
979 652 1022 707 25.
1049 647 1214 708 Hrrzrerus

106 755 135 804 ut
150 747 297 804 vendendi
314 755 494 823 potestatem
510 747 721 819 labefactaret,
747 745 884 812 debaIsse
900 749 991 808 scribi
1016 765 1037 830 ³.
1060 759 1213 808 asseverat

106 867 286 932 aequavero
305 848 383 925 'arae
405 856 438 906 at
451 847 650 906 scortationes
668 867 727 906 non
744 835 890 927 pretiuin,
914 849 966 910 scd
985 831 1213 912 instrumentum

108 957 173 1011 sunt
204 949 398 1010 venditionisl
442 948 533 1007 Haud
571 947 665 1024 probe
695 949 889 1008 Kamusxtus
924 952 1091 1011 venditione
1127 953 1213 1010 sedu-

105 1049 230 1108 ctionem
253 1051 292 1108 ad
314 1049 516 1120 idololatriam
534 1049 687 1125 intelligit,
716 1069 776 1126 qua
792 1050 906 1108 factum
930 1062 1008 1112 esset
1023 1063 1057 1114 ut
1075 1054 1214 1129 deceptae

104 1159 205 1225 gentes
228 1169 342 1226 poenae
366 1151 485 1212 divinae
509 1151 576 1210 loco
600 1149 667 1214 allis
690 1151 913 1212 subiicerentur.
931 1187 968 1196 -
991 1169 1106 1214 anama
1127 1153 1213 1213 fami-

94 1251 171 1312 liam
194 1252 292 1328 gcutia
316 1252 454 1329 designat
477 1249 554 1312 Gen.
573 1251 620 1326 X,
642 1256 682 1311 18.
697 1257 739 1312 20.
757 1257 807 1324 313
833 1251 921 1312 Sach.
939 1254 1019 1327 XII,
1038 1257 1070 1312 12
1088 1275 1146 1328 as,
1169 1255 1213 1314 in-

104 1361 202 1430 tegros
220 1353 350 1430 populos
366 1353 424 1414 Ier.
442 1353 534 1426 VIII,
553 1356 578 1412 3.
603 1353 706 1427 XXV,
725 1358 756 1427 9;
780 1354 835 1414 Ea.
853 1355 934 1427 XX,
952 1359 995 1414 32.

623 1703 652 1742 v.
667 1685 693 1740 5.

148 1855 310 1918 Terrarum
332 1858 435 1918 orbem
460 1857 586 1918 subiecit
609 1857 667 1918 sibi
684 1858 796 1930 Assur3‘
820 1855 952 1935 quiscat
976 1857 1029 1935 qui
1046 1857 1207 1920 vindictam

100 1978 214 2018 sumere
231 1959 268 2018 de
285 1977 321 2017 ea
338 1959 456 2020 valeat?
474 1993 511 2002 —
528 1959 578 2018 Ea
594 1960 691 2018 meod
706 1967 747 2031 te,
773 1959 876 2018 dictum
893 1959 1014 2018 Domini
1031 1966 1207 2032 commta-rem,

99 2070 126 2118 et
145 2071 238 2135 recepe
256 2071 382 2135 epaeneto
400 2069 450 2119 tac
468 2062 670 2136 supersectam
689 2069 783 2130 maor,
801 2070 828 2118 et
843 2063 937 2120 vidue
946 2063 1029 2135 sacto
1045 2071 1138 2136 pentae
1153 2084 1207 2140 pu-

98 2163 190 2220 denda
208 2171 258 2220 tua
276 2171 304 2220 ct
319 2180 406 2236 repas
423 2165 605 2236 tpaorntniam
621 2171 706 2221 mam.
726 2177 792 2222 tatu
816 2163 869 2222 cfr.
886 2163 932 2235 11,
947 2168 987 2222 lt.
1012 2161 1130 2222 Nomen
1144 2166 1208 2224 Do'-

97 2263 169 2322 mini
187 2263 370 2322 exercituum
389 2263 492 2323 eadem
510 2283 548 2322 ex
567 2282 673 2322 caussa
690 2263 738 2322 hic
754 2264 947 2340 proponitur,
974 2283 1063 2341 quam
1081 2266 1210 2326 vidimus

98 2383 199 2440 supra.
225 2363 360 2422 Nimium
378 2371 478 2424 autem
498 2363 573 2425 vidit
589 2363 742 2437 Hrunorr„
767 2381 833 2422 cum
855 2364 929 2422 haec
951 2364 1008 2424 sibi
1024 2367 1100 2424 velle
1117 2369 1211 2426 verba

98 2465 301 2535 existi-marem
321 2465 405 2541 „ipse
422 2465 462 2524 ad
480 2473 509 2524 te
526 2465 642 2524 veniam
659 2465 697 2523 ad
716 2473 744 2523 te
758 2465 1004 2536 subvertendum,
1024 2485 1084 2524 non
1094 2467 1210 2525 mittam

97 2567 254 2644 angelum,
273 2585 334 2624 non
352 2566 470 2626 credam
488 2567 556 2626 aliIs
567 2565 751 2637 iudicium;“
768 2564 829 2625 iuro
843 2585 906 2623 rem
919 2583 974 2623 acu
985 2565 1084 2642 tetigit
1097 2566 1209 2626 Crum-

97 2684 168 2740 ωε,
197 2668 248 2746 qni
273 2667 317 2726 sic
337 2667 564 2744 interpretaturi
580 2657 641 2727 ὅτι
667 2658 713 2747 μὴ
743 2657 830 2746 πρὸς
851 2651 1036 2744 drepente
1063 2656 1081 2728 ὃ
1109 2659 1210 2747 λόγος

100 2756 201 2850 αὐτῇ,
229 2758 314 2850 μήτε
335 2761 402 2851 μὴν
428 2757 447 2830 ὁ
476 2758 641 2844 πόλεμος,
668 2755 849 2848 insitiuum
879 2757 916 2826 de*
944 2761 1075 2842 μᾶλλον
1102 2757 1120 2828 ὁ
1142 2766 1210 2828 τῶν

99 2859 269 2945 δυνάμεων
289 2859 404 2953 κύριος
430 2863 500 2932 κτλ.
527 2903 564 2912 -
586 2865 642 2939 aba
665 2869 721 2927 cfr.
735 2867 785 2940 II,
807 2872 833 2926 8.
863 2866 1002 2928 Scortum
1023 2869 1145 2946 punitur
1169 2873 1208 2930 ad

98 2991 184 3030 suum
201 2972 355 3032 modulum
372 2979 402 3030 et
419 2970 509 3044 sicuti
525 2971 646 3030 meruit:
665 2971 717 3030 cfr.
737 2970 798 3030 Ies,
808 2969 943 3045 XLVII,
956 2975 992 3044 ,23
1011 2973 1090 3032 Hos.
1106 2973 1156 3044 II,
1174 2976 1208 3044 ὃς

96 3073 150 3132 Ea.
168 3073 261 3145 XVI,
284 3077 327 3132 36.
352 3077 401 3144 37;
424 3071 482 3131 Ier.
500 3073 594 3146 XIII,
620 3075 662 3134 22.
681 3077 733 3143 26;
756 3074 853 3150 Apoc.
871 3071 926 3147 IV,
946 3077 987 3132 18.
1016 3070 1079 3140 bam
1105 3093 1207 3152 syrma

99 3175 151 3232 cfr.
170 3174 228 3234 Iea.
246 3174 305 3247 VI,
326 3179 359 3245 13
376 3174 434 3234 Ier.
452 3173 546 3245 XHI,
564 3179 597 3232 22
615 3175 725 3252 legitur
745 3168 828 3249 baeu
845 3175 978 3236 fimbrias
997 3196 1057 3235 non
1071 3186 1209 3234 accurate

97 3275 149 3334 alii
166 3275 378 3336 intellexerunt
395 3275 448 3336 cfr.
467 3273 622 3334 chssrc‘r.
641 3295 671 3351 p.
686 3280 760 3337 1603.
792 3291 856 3338 um
879 3292 998 3350 praeter
1014 3278 1093 3334 hune
1109 3278 1207 3334 locum

96 3376 183 3436 unice
198 3376 325 3436 habetur
343 3381 357 3434 1
370 3375 445 3454 Reg.
462 3375 537 3448 VII,
550 3380 599 3449 36,
617 3375 669 3435 ubi
682 3375 831 3452 significat
844 3376 973 3450 spatium
986 3395 1128 3449 vacuum,
1146 3377 1166 3434 i.
1181 3397 1206 3434 e.

97 3497 158 3536 nou
182 3485 291 3536 tectum
314 3477 428 3555 aliquid
453 3496 505 3536 seu
528 3483 662 3553 apertum
670 3497 680 3547 ς
705 3475 773 3534 inde
794 3476 842 3534 hie
859 3501 892 3526 =
910 3492 999 3539 otuu.
1022 3471 1086 3551 p'tp
1104 3478 1207 3536 eodem

96 3579 187 3638 modo
205 3579 378 3655 oppositum
396 3599 424 3636 v.
454 3595 530 3639 siaa
547 3577 623 3654 llus.
642 3577 696 3648 IV,
714 3581 730 3634 7
738 3597 748 3648 3
765 3576 883 3635 Habeo.
903 3575 953 3647 11,
971 3580 1004 3633 26
1022 3577 1071 3634 all.

147 3679 234 3754 Quae
251 3681 343 3739 verba
359 3679 410 3738 ubi
428 3697 636 3755 comparamus
658 3697 725 3736 oum
743 3677 800 3736 Ias.
818 3675 937 3735 XLVII
943 3719 951 3748 ,
970 3680 996 3734 2.
1014 3681 1031 3734 3
1055 3685 1084 3736 et
1100 3678 1206 3737 Ierem.

96 3781 191 3854 XIII,
209 3785 313 3840 22-26
336 3789 510 3840 concentum
535 3780 615 3840 haud
632 3778 786 3839 fortuitum
804 3777 994 3854 reperiemus.
1020 3777 1078 3836 Ies.
1098 3779 1119 3836 l.
1138 3779 1206 3836 lin

95 3883 182 3942 initio
206 3883 311 3942 mntici
334 3882 414 3944 illius
441 3883 478 3942 de
500 3882 621 3941 interitu
640 3881 761 3942 Babelis
787 3879 831 3939 sic
848 3879 1042 3938 vociferatur:
1069 3879 1208 3955 „depone

95 3985 213 4057 velum,
242 3985 345 4060 detege
368 4002 451 4055 crus,
483 3983 533 4044 abi
557 4002 647 4058 super
672 3983 794 4042 duviosl
825 3981 979 4058 detegatur
1008 3981 1128 4040 nuditas
1156 3989 1209 4040 tua

95 4085 240 4162 (uotum),
265 4084 353 4143 etiam
380 4093 519 4144 cernatur
535 4084 701 4160 ignominia
718 4093 769 4142 tua
786 4083 933 4160 (unctum
956 4091 986 4142 et
1002 4082 1088 4142 sicuti
1106 4091 1210 4159 aperte

95 4186 244 4246 interdurn
260 4175 375 4244 Iesaiae
394 4185 534 4244 vaticinIa
550 4184 682 4244 Nabumi
700 4185 799 4243 anImo
818 4184 977 4243 observata
997 4183 1208 4257 intelleximus,

96 4306 130 4346 ac
148 4285 206 4346 nisi
225 4287 358 4360 literate,
377 4286 414 4346 ad
429 4305 547 4347 sensum
562 4294 661 4346 tamen
683 4286 822 4360 recitata,
840 4285 884 4344 ita
899 4286 973 4346 haec
985 4304 1104 4363 quoque
1117 4288 1209 4346 verba
