2966 5090
304 361 379 403 xuvr
655 343 901 399 Pnousoonmvn.
928 338 1000 398 Cur.
1019 338 1058 395 ΙΙ.

357 528 419 586 lam
439 526 530 602 igitur
546 524 645 584 Ninus
663 525 783 582 condita
804 531 849 582 est
871 541 949 580 anno
973 522 1088 579 circiter
1105 518 1214 578 2230¹¹²⁰
1235 540 1261 578 a.
1282 519 1351 591 Oh,
1368 520 1403 576 uti

241 619 247 632 '
307 627 492 704 computavit
515 625 668 684 Usssmus
697 623 851 701 (annali),
884 641 1012 699 quocum
1038 621 1199 679 concordat
1225 621 1304 692 fere,
1335 620 1406 697 quod

307 728 422 788 Crustu
447 735 567 786 auctore
590 727 674 804 regni
692 725 812 801 Assyrii
837 723 922 781 initia
939 725 977 781 ab
995 741 1073 780 anno
1091 726 1158 779 2183
1166 711 1209 753 ¹⁰¹
1232 722 1280 779 vel
1296 713 1406 778 2184²⁰²

307 829 468 905 repetenda
485 829 579 886 docet.
607 827 717 885 Primis
736 825 845 884 abhinc
862 824 982 895 seculis,
1007 831 1120 900 quanta
1143 823 1226 898 regni
1252 841 1355 880 recens
1370 823 1407 878 in·

307 931 405 988 choaii
422 929 512 986 fuerit
528 928 677 1003 potentie,
697 926 812 983 definiri
829 944 885 1000 pro
904 933 983 983 certo
1002 922 1140 999 nequit³3
1164 932 1285 981 constet
1302 931 1408 980 tantum

307 1049 345 1089 ex
370 1028 587 1106 Aegyptiorum
614 1028 715 1099 fastis,
746 1046 770 1084 c.
789 1046 817 1084 a.
836 1030 903 1084 2000
927 1045 954 1083 a.
974 1023 1027 1083 Ch.
1047 1024 1191 1101 Assyrios
1216 1024 1297 1082 haud
1321 1025 1409 1098 impo-

307 1139 401 1189 tentes
417 1127 536 1187 fnisse⁴.

356 1229 473 1286 Deinde
491 1248 515 1287 s.
533 1229 594 1286 fere
612 1227 671 1284 XV
678 1219 700 1254 ‘⁰
719 1246 745 1284 a.
764 1225 818 1285 Oh.
837 1227 920 1302 regni
939 1226 1101 1284 auctoritas
1120 1224 1146 1284 si
1163 1243 1224 1284 uon
1240 1242 1410 1300 permagna,

307 1339 406 1388 tamen
431 1328 510 1386 haud
533 1329 642 1403 exigua
663 1327 756 1386 fuisse
779 1327 913 1398 videtur3
937 1327 967 1384 id
991 1327 1071 1404 quod
1092 1325 1224 1401 ,primum
1247 1333 1375 1402 apparet
1398 1339 1411 1380 e

307 1429 432 1489 Bileami
456 1428 619 1500 vaticiniis,
652 1428 701 1505 qui
726 1446 871 1486 summum
897 1427 975 1485 inter
998 1435 1100 1504 gentes
1124 1436 1207 1486 trans
1231 1425 1411 1502 Euphratem

309 1530 439 1589 colentes
454 1529 551 1587 locum
565 1529 814 1606 tribuitAssyriis
824 1527 843 1601 ⁵,
858 1536 888 1586 et
898 1529 1105 1605 praesagiente
1117 1528 1217 1586 animo
1232 1535 1349 1586 tautam
1363 1526 1412 1584 ali-

308 1632 428 1716 quando
446 1649 547 1688 eorum
564 1630 629 1687 fore
646 1631 809 1706 potentiam
829 1629 996 1708 praedicat,
1015 1638 1048 1688 ut
1063 1629 1216 1688 Israelitas
1233 1629 1263 1687 in
1277 1627 1412 1688 exsilium

308 1730 518 1804 deducerent⁶3
536 1750 590 1789 nec
607 1732 706 1790 minus
720 1731 857 1808 eMoysis
876 1729 1058 1790 verbisGen.
1073 1730 1119 1803 Π,
1140 1735 1187 1804 14,
1206 1730 1257 1808 qui
1274 1731 1413 1804 Mesopo·

308 1833 429 1891 tumiam
446 1833 584 1909 Assyriis
601 1833 654 1890 illo
672 1842 805 1908 tempore
823 1833 972 1892 subditam
989 1831 1081 1890 fuisse
1098 1831 1237 1908 indigitat
1245 1830 1264 1890 ⁷.
1299 1829 1413 1890 Deinde

307 2102 470 2164 Alexander,
488 2117 545 2152 was
564 2105 805 2166 not-continuousiy
822 2103 888 2151 built
905 2116 974 2161 over,
993 2101 1039 2150 but
1055 2100 1112 2150 that
1129 2079 1220 2152 within
1233 2103 1277 2152 the
1290 2105 1413 2167 precincts

308 2189 338 2237 oi
357 2187 400 2236 the
418 2186 470 2249 city
488 2187 561 2237 there
578 2202 634 2237 was
652 2202 668 2236 a
685 2193 759 2236 vaste
777 2199 853 2249 space
870 2185 954 2234 which
971 2198 1027 2232 was
1044 2185 1184 2234 cultivated
1209 2187 1261 2235 aud
1279 2202 1368 2247 sown,
1389 2186 1414 2232 in

308 2271 385 2322 order
407 2279 434 2322 to
457 2272 562 2337 provide
585 2269 647 2320 food
669 2269 711 2318 for
732 2269 776 2317 the
798 2267 955 2318 inhabitants
979 2269 1007 2316 iu
1028 2281 1087 2316 case
1109 2269 1171 2317 oia
1188 2270 1323 2321 blockade.
1361 2268 1414 2320 The

307 2372 374 2422 open
396 2357 485 2418 fields,
509 2356 534 2404 in
552 2353 618 2412 fact,
641 2352 750 2402 covered
768 2352 858 2414 nearly
882 2366 911 2401 as
934 2352 1006 2415 large
1031 2364 1139 2415 espace
1157 2353 1187 2402 oi
1200 2353 1302 2416 ground
1320 2369 1352 2402 as
1376 2353 1415 2402 the

305 2441 459 2504 .bnildings.“

360 2527 385 2589 1)
403 2526 457 2577 cfr.
475 2523 588 2574 Burnum
607 2523 654 2572 1.1.
673 2539 697 2587 p.
711 2524 751 2572 12.

359 2611 386 2672 2)
403 2610 457 2661 Cir.
476 2611 605 2670 Hnrrunu.
623 2608 748 2658 derebus
767 2607 932 2671 Assyriorum
951 2623 975 2671 p.
990 2607 1014 2656 5.

359 2694 386 2756 3)
402 2694 551 2746 Movunsrus
569 2673 671 2759 qiridem
688 2691 854 2752 (Phoenizier
868 2691 909 2752 Π,
929 2706 957 2752 u,
975 2707 1000 2754 p.
1013 2687 1152 2750 tis-72)
1169 2687 1356 2752 amplissimum
1373 2688 1412 2736 illo

307 2788 422 2841 tempore
446 2780 612 2844 Assyriorum
634 2793 742 2840 reguum
765 2777 844 2826 fuisse
869 2774 958 2835 docet,
987 2789 1033 2822 neo
1056 2774 1153 2823 vicinas
1177 2773 1260 2822 solum
1288 2775 1411 2841 regiones,

307 2877 396 2912 verum
418 2862 584 2912 Phoenicium
606 2874 708 2920 quoque
731 2865 757 2904 et
780 2859 860 2905 Asiae
883 2857 989 2904 minoris
1013 2861 1113 2918 partem
1136 2858 1242 2920 imperio
1264 2870 1353 2906 eorum
1370 2869 1411 2916 pa-

308 2949 402 3005 ruisse;
427 2944 492 2993 haec
510 2950 597 2992 antem
614 2941 755 2999 sententia,
778 2952 856 3000 quam
872 2939 928 2985 iure
945 2939 1105 3002 impugnavit
1121 2937 1245 2989 Srnnruus
1262 2937 1349 2999 (Gaza
1363 2935 1410 2988 und

309 3029 353 3077 die
370 3024 562 3089 philistaeische
579 3022 661 3070 Kiste
678 3036 703 3084 p.
715 3021 765 3070 192
783 3019 843 3082 alh),
862 3036 877 3070 e
894 3022 1042 3071 domesticis
1060 3024 1222 3087 potissimum
1238 3023 1333 3074 fabulis
1345 3035 1411 3087 repe·

308 3113 357 3160 tite
370 3113 423 3168 est,
441 3108 468 3156 in
481 3106 572 3168 quibus
583 3103 772 3153 vetustissimae
790 3106 888 3167 gloriae
906 3107 1052 3170 opinionem
1071 3107 1282 3170 splendidissimis
1299 3108 1333 3157 de
1345 3108 1410 3158 Nino

308 3202 335 3246 ct
352 3191 522 3244 Semiramide
539 3187 738 3239 narratiunculis
756 3197 959 3254 exornaverunt3
980 3191 1133 3240 Minuruonr
1149 3198 1236 3241 autem
1253 3201 1279 3242 et
1295 3194 1411 3248 Iosurnc,

308 3293 416 3346 quorum
433 3277 513 3326 utitur
530 3272 696 3334 testimoniis,
713 3289 766 3322 non
784 3275 890 3324 multum
909 3276 936 3325 in
955 3276 1003 3325 hoc
1020 3289 1114 3338 genere
1126 3275 1289 3325 tribuendum
1305 3276 1411 3331 videtur,

308 3382 374 3426 cum,
392 3370 420 3412 ut
439 3362 587 3410 omittamus
606 3363 699 3418 cetera,
718 3356 819 3407 Iosuru.
838 3359 916 3409 Arch.
934 3361 975 3421 X,
995 3362 1008 3410 1
1033 3374 1106 3422 roges
1128 3360 1187 3408 illos
1204 3359 1410 3423 Mesopotamios,

308 3453 351 3515 qui
370 3445 517 3498 sodomitas
539 3445 607 3494 bello
630 3441 773 3506 petiverunt
790 3443 855 3494 Gen.
873 3444 948 3505 XIV,
966 3446 1090 3504 Assyrios
1113 3445 1216 3508 regulos
1232 3445 1311 3494 inisse
1329 3444 1411 3493 trade-

307 3539 360 3593 ret,
378 3528 592 3593 quemadmodum
610 3527 775 3577 Kuschanem
791 3527 949 3577 RischatuIm
968 3528 1024 3577 Iud.
1037 3528 1093 3590 111,
1107 3531 1122 3578 8
1141 3535 1167 3578 et
1183 3530 1267 3594 ipsum
1283 3528 1363 3577 refert
1380 3525 1410 3576 ed

308 3614 439 3678 Assyrios.
457 3641 490 3652 -
508 3614 628 3665 Ceterum
654 3613 710 3678 plus
733 3613 878 3676 quingentis
902 3614 975 3662 aunis
1000 3619 1059 3679 post
1081 3611 1146 3662 flues
1169 3627 1257 3662 eorum
1274 3613 1351 3662 latius
1369 3625 1410 3677 pa·

308 3699 399 3760 tuisse,
420 3699 507 3750 statim
526 3698 675 3748 videbimus.
764 3687 779 3711 ¹
1260 3689 1262 3694 ’

358 3782 385 3845 4)
403 3783 456 3834 Cir.
473 3784 559 3833 Inrsn
576 3782 750 3844 chronologis
768 3781 815 3831 der
832 3783 965 3846 Aegypter
984 3783 1009 3844 1,
1028 3798 1053 3846 p.
1065 3783 1089 3831 6.

358 3871 383 3931 5)
400 3869 453 3918 Cir.
471 3867 550 3916 Num.
568 3865 678 3928 XXIII,
696 3868 822 3916 22-24:
842 3873 883 3927 ,et
900 3873 993 3929 urgent
1011 3867 1134 3930 Assyrios
1152 3866 1307 3929 omninoque
1319 3862 1408 3914 Eber.“

356 3953 383 4015 6)
400 3951 473 4011 Quae
490 3951 550 3999 licet
568 3950 741 4014 praesagienti
758 3951 824 3998 vatis
842 3950 928 3999 animo
946 3964 992 4014 per
1010 3951 1120 4015 speciem
1139 3955 1164 3998 et
1182 3951 1306 4000 visionem
1319 3949 1410 3999 ineunt

306 4039 407 4097 oblata,
426 4041 512 4083 tamen
529 4035 668 4083 secuudum
685 4040 755 4084 ratas
773 4034 971 4098 exploratasque
988 4033 1140 4098 prophetiae
1158 4035 1228 4099 leges
1246 4036 1332 4099 aliquo
1356 4035 1408 4082 iuu-

306 4119 428 4169 damento
445 4117 567 4169 historico
584 4118 748 4168 subleventur
766 4123 875 4182 oportet.
893 4116 939 4179 cfr.
957 4117 1084 4167 Haustus.
1102 4117 1203 4169 Bileem
1220 4135 1245 4183 p.
1258 4118 1408 4167 194-210.

308 4220 333 4267 p.
346 4202 405 4252 260.

356 4286 382 4347 7)
400 4287 708 4352 Explicatiorerborum:
731 4294 815 4343 'tium
838 4291 935 4352 nois),
959 4286 1002 4335 ubi
1026 4285 1157 4349 Tigridem
1181 4284 1408 4342 fluere-docemur,

303 4372 366 4420 setis
384 4372 503 4422 intricata
520 4379 566 4421 est.
602 4371 662 4420 Iure
681 4369 784 4433 quidem
803 4371 959 4419 asseveravit
977 4370 1055 4419 Turn.
1075 4369 1182 4430 ahi,
1204 4376 1289 4436 :torp
1312 4381 1408 4434 semper
