<?xml version="1.0" encoding="UTF-8"?>
<!DOCTYPE html PUBLIC "-//W3C//DTD XHTML 1.0 Transitional//EN"
    "http://www.w3.org/TR/xhtml1/DTD/xhtml1-transitional.dtd">
<html xmlns="http://www.w3.org/1999/xhtml" xml:lang="en" lang="en">
 <head>
  <title>
</title>
<meta http-equiv="Content-Type" content="text/html;charset=utf-8" />
  <meta name='ocr-system' content='tesseract 3.04.00' />
  <meta name='ocr-capabilities' content='ocr_page ocr_carea ocr_par ocr_line ocrx_word'/>
</head>
<body>
  <div class='ocr_page' id='page_1' title='image "./nahumideninovat00stragoog/nahumideninovat00stragoog_0159.png"; bbox 0 0 2918 5098; ppageno 0'>
   <div class='ocr_carea' id='block_1_1' title="bbox 285 346 983 454">
    <p class='ocr_par' dir='ltr' id='par_1_1' title="bbox 285 327 1444 461">
     <span class='ocr_line' id='line_1_1' title="bbox 285 346 983 454; baseline -0.005 -47"><span class='ocrx_word' id='word_1_1' title='bbox 285 347 332 415; x_wconf 79' lang='lat'>70</span> <span class='ocrx_word' id='word_1_2' title='bbox 490 445 493 454; x_wconf 17' lang='grc' dir='ltr'><strong><em>ι</em></strong></span> <span class='ocrx_word' id='word_1_3' title='bbox 694 346 827 420; x_wconf 67' lang='lat' dir='ltr'>onan,</span> <span class='ocrx_word' id='word_1_4' title='bbox 846 350 983 406; x_wconf 70' lang='lat' dir='ltr'>uit-11.</span> 
     </span>
    </p>
   </div>
   <div class='ocr_carea' id='block_1_2' title="bbox 282 528 1444 4226">
    <p class='ocr_par' dir='ltr' id='par_1_2' title="bbox 282 528 1444 3216">
     <span class='ocr_line' id='line_1_2' title="bbox 283 528 1444 615; baseline -0.01 -18"><span class='ocrx_word' id='word_1_5' title='bbox 283 554 359 615; x_wconf 90' lang='lat' dir='ltr'>quas</span> <span class='ocrx_word' id='word_1_6' title='bbox 380 553 441 592; x_wconf 92' lang='lat' dir='ltr'>uon</span> <span class='ocrx_word' id='word_1_7' title='bbox 463 531 560 592; x_wconf 87' lang='lat' dir='ltr'>facilis</span> <span class='ocrx_word' id='word_1_8' title='bbox 587 539 634 590; x_wconf 91' lang='lat' dir='ltr'>est</span> <span class='ocrx_word' id='word_1_9' title='bbox 663 530 779 602; x_wconf 82' lang='lat' dir='ltr'>aditus,</span> <span class='ocrx_word' id='word_1_10' title='bbox 806 529 867 588; x_wconf 89' lang='lat' dir='ltr'>iam</span> <span class='ocrx_word' id='word_1_11' title='bbox 890 529 979 588; x_wconf 83' lang='lat' dir='ltr'>facile</span> <span class='ocrx_word' id='word_1_12' title='bbox 1002 528 1239 605; x_wconf 86' lang='lat' dir='ltr'>occupabuntur,</span> <span class='ocrx_word' id='word_1_13' title='bbox 1271 536 1388 603; x_wconf 86' lang='lat' dir='ltr'>apertae</span> <span class='ocrx_word' id='word_1_14' title='bbox 1443 551 1444 592; x_wconf 63' lang='lat' dir='ltr'>t</span> 
     </span>
     <span class='ocr_line' id='line_1_3' title="bbox 284 627 1387 704; baseline -0.01 -7"><span class='ocrx_word' id='word_1_15' title='bbox 284 644 355 697; x_wconf 88' lang='lat' dir='ltr'>suut</span> <span class='ocrx_word' id='word_1_16' title='bbox 376 638 442 696; x_wconf 87' lang='lat' dir='ltr'>ct.“</span> <span class='ocrx_word' id='word_1_17' title='bbox 477 635 649 692; x_wconf 78' lang='lat' dir='ltr'>Ewsunus:</span> <span class='ocrx_word' id='word_1_18' title='bbox 676 630 757 704; x_wconf 89' lang='lat' dir='ltr'>„Die</span> <span class='ocrx_word' id='word_1_19' title='bbox 779 631 871 690; x_wconf 87' lang='lat' dir='ltr'>durch</span> <span class='ocrx_word' id='word_1_20' title='bbox 898 628 1017 690; x_wconf 79' lang='lat' dir='ltr'>Strbme</span> <span class='ocrx_word' id='word_1_21' title='bbox 1038 629 1099 688; x_wconf 91' lang='lat' dir='ltr'>und</span> <span class='ocrx_word' id='word_1_22' title='bbox 1116 627 1387 704; x_wconf 85' lang='lat' dir='ltr'>Wasserleitungen</span> 
     </span>
     <span class='ocr_line' id='line_1_4' title="bbox 282 713 1444 812; baseline -0.009 -17"><span class='ocrx_word' id='word_1_23' title='bbox 282 756 352 796; x_wconf 91' lang='lat' dir='ltr'>vom</span> <span class='ocrx_word' id='word_1_24' title='bbox 369 735 470 812; x_wconf 88' lang='lat' dir='ltr'>Tigris</span> <span class='ocrx_word' id='word_1_25' title='bbox 492 734 544 792; x_wconf 91' lang='lat' dir='ltr'>her</span> <span class='ocrx_word' id='word_1_26' title='bbox 555 751 602 810; x_wconf 28' lang='lat' dir='ltr'>,so</span> <span class='ocrx_word' id='word_1_27' title='bbox 625 732 706 796; x_wconf 87' lang='lat' dir='ltr'>vvohl</span> <span class='ocrx_word' id='word_1_28' title='bbox 724 731 889 792; x_wconf 86' lang='lat' dir='ltr'>verwahrte</span> <span class='ocrx_word' id='word_1_29' title='bbox 905 729 1037 802; x_wconf 86' lang='lat' dir='ltr'>Stadt;“</span> <span class='ocrx_word' id='word_1_30' title='bbox 1064 730 1116 788; x_wconf 85' lang='lat' dir='ltr'>cfr.</span> <span class='ocrx_word' id='word_1_31' title='bbox 1134 730 1243 788; x_wconf 76' lang='lat' dir='ltr'>Mamur</span> <span class='ocrx_word' id='word_1_32' title='bbox 1260 727 1345 789; x_wconf 89' lang='lat' dir='ltr'>Stud.</span> <span class='ocrx_word' id='word_1_33' title='bbox 1363 748 1389 785; x_wconf 92' lang='lat' dir='ltr'>u.</span> <span class='ocrx_word' id='word_1_34' title='bbox 1443 713 1444 748; x_wconf 67' lang='lat'>³</span> 
     </span>
     <span class='ocr_line' id='line_1_5' title="bbox 283 829 1388 910; baseline -0.009 -14"><span class='ocrx_word' id='word_1_35' title='bbox 283 837 425 896; x_wconf 88' lang='lat' dir='ltr'>Kritikeu</span> <span class='ocrx_word' id='word_1_36' title='bbox 449 833 609 907; x_wconf 80' lang='lat' dir='ltr'>1842,1V,</span> <span class='ocrx_word' id='word_1_37' title='bbox 633 853 663 910; x_wconf 87' lang='lat' dir='ltr'>p.</span> <span class='ocrx_word' id='word_1_38' title='bbox 679 836 744 890; x_wconf 77' lang='lat'>1032</span> <span class='ocrx_word' id='word_1_39' title='bbox 767 851 806 892; x_wconf 87' lang='lat' dir='ltr'>ss.</span> <span class='ocrx_word' id='word_1_40' title='bbox 842 831 899 890; x_wconf 84' lang='lat' dir='ltr'>Oui</span> <span class='ocrx_word' id='word_1_41' title='bbox 923 830 1116 907; x_wconf 85' lang='lat' dir='ltr'>explicationi</span> <span class='ocrx_word' id='word_1_42' title='bbox 1138 831 1248 889; x_wconf 89' lang='lat' dir='ltr'>obiecit</span> <span class='ocrx_word' id='word_1_43' title='bbox 1271 829 1388 888; x_wconf 86' lang='lat' dir='ltr'>Rosun-</span> 
     </span>
     <span class='ocr_line' id='line_1_6' title="bbox 283 931 1444 1011; baseline -0.009 -15"><span class='ocrx_word' id='word_1_44' title='bbox 283 953 482 998; x_wconf 68' lang='lat' dir='ltr'>abutaurus:</span> <span class='ocrx_word' id='word_1_45' title='bbox 500 935 589 1011; x_wconf 89' lang='lat' dir='ltr'>„quis</span> <span class='ocrx_word' id='word_1_46' title='bbox 606 951 666 992; x_wconf 92' lang='lat' dir='ltr'>uon</span> <span class='ocrx_word' id='word_1_47' title='bbox 682 932 839 1010; x_wconf 86' lang='lat' dir='ltr'>iutelligit,</span> <span class='ocrx_word' id='word_1_48' title='bbox 856 932 950 992; x_wconf 89' lang='lat' dir='ltr'>latum</span> <span class='ocrx_word' id='word_1_49' title='bbox 967 932 1164 1008; x_wconf 82' lang='lat' dir='ltr'><strong>rapidumque</strong></span> <span class='ocrx_word' id='word_1_50' title='bbox 1177 931 1313 1007; x_wconf 86' lang='lat' dir='ltr'>Tigridis</span> <span class='ocrx_word' id='word_1_51' title='bbox 1330 949 1389 988; x_wconf 86' lang='lat' dir='ltr'>am·</span> <span class='ocrx_word' id='word_1_52' title='bbox 1443 943 1444 1000; x_wconf 72' lang='lat' dir='ltr'><strong>j</strong></span> 
     </span>
     <span class='ocr_line' id='line_1_7' title="bbox 283 1031 1387 1110; baseline -0.009 -12"><span class='ocrx_word' id='word_1_53' title='bbox 283 1057 351 1098; x_wconf 88' lang='lat' dir='ltr'>nem</span> <span class='ocrx_word' id='word_1_54' title='bbox 374 1038 476 1096; x_wconf 88' lang='lat' dir='ltr'>hostes</span> <span class='ocrx_word' id='word_1_55' title='bbox 498 1036 537 1094; x_wconf 94' lang='lat' dir='ltr'>ab</span> <span class='ocrx_word' id='word_1_56' title='bbox 561 1035 614 1094; x_wconf 90' lang='lat' dir='ltr'>illa</span> <span class='ocrx_word' id='word_1_57' title='bbox 638 1035 720 1106; x_wconf 86' lang='lat' dir='ltr'>urbis</span> <span class='ocrx_word' id='word_1_58' title='bbox 746 1042 832 1110; x_wconf 88' lang='lat' dir='ltr'>parte</span> <span class='ocrx_word' id='word_1_59' title='bbox 855 1034 938 1092; x_wconf 91' lang='lat' dir='ltr'>aditu</span> <span class='ocrx_word' id='word_1_60' title='bbox 960 1032 1061 1108; x_wconf 88' lang='lat' dir='ltr'>potius</span> <span class='ocrx_word' id='word_1_61' title='bbox 1087 1051 1188 1090; x_wconf 86' lang='lat' dir='ltr'>arcere</span> <span class='ocrx_word' id='word_1_62' title='bbox 1205 1031 1387 1090; x_wconf 82' lang='lat' dir='ltr'>debuissel“</span> 
     </span>
     <span class='ocr_line' id='line_1_8' title="bbox 284 1131 1444 1214; baseline -0.009 -16"><span class='ocrx_word' id='word_1_63' title='bbox 284 1157 386 1198; x_wconf 88' lang='lat' dir='ltr'>vernru</span> <span class='ocrx_word' id='word_1_64' title='bbox 404 1137 559 1214; x_wconf 84' lang='lat' dir='ltr'>augustius</span> <span class='ocrx_word' id='word_1_65' title='bbox 576 1137 615 1194; x_wconf 90' lang='lat' dir='ltr'>ab</span> <span class='ocrx_word' id='word_1_66' title='bbox 628 1135 690 1194; x_wconf 88' lang='lat' dir='ltr'>hoo</span> <span class='ocrx_word' id='word_1_67' title='bbox 706 1155 736 1193; x_wconf 87' lang='lat' dir='ltr'>v.</span> <span class='ocrx_word' id='word_1_68' title='bbox 754 1134 782 1192; x_wconf 93' lang='lat' dir='ltr'>d.</span> <span class='ocrx_word' id='word_1_69' title='bbox 800 1133 927 1210; x_wconf 82' lang='lat' dir='ltr'>intelligi</span> <span class='ocrx_word' id='word_1_70' title='bbox 945 1134 1036 1192; x_wconf 88' lang='lat' dir='ltr'>verba</span> <span class='ocrx_word' id='word_1_71' title='bbox 1061 1133 1191 1193; x_wconf 81' lang='lat' dir='ltr'>ostendit</span> <span class='ocrx_word' id='word_1_72' title='bbox 1207 1133 1387 1204; x_wconf 67' lang='lat' dir='ltr'>Minucios,</span> <span class='ocrx_word' id='word_1_73' title='bbox 1443 1131 1444 1142; x_wconf 59' lang='lat'>¹</span> 
     </span>
     <span class='ocr_line' id='line_1_9' title="bbox 283 1234 1387 1314; baseline -0.007 -18"><span class='ocrx_word' id='word_1_74' title='bbox 283 1239 353 1298; x_wconf 88' lang='lat' dir='ltr'>licet</span> <span class='ocrx_word' id='word_1_75' title='bbox 369 1238 435 1314; x_wconf 88' lang='lat' dir='ltr'>ipse</span> <span class='ocrx_word' id='word_1_76' title='bbox 452 1237 575 1296; x_wconf 88' lang='lat' dir='ltr'>nimium</span> <span class='ocrx_word' id='word_1_77' title='bbox 592 1235 682 1294; x_wconf 89' lang='lat' dir='ltr'>eliam</span> <span class='ocrx_word' id='word_1_78' title='bbox 700 1235 810 1294; x_wconf 89' lang='lat' dir='ltr'>vidisse</span> <span class='ocrx_word' id='word_1_79' title='bbox 826 1234 1044 1294; x_wconf 80' lang='lat' dir='ltr'>existimandus</span> <span class='ocrx_word' id='word_1_80' title='bbox 1061 1234 1115 1306; x_wconf 90' lang='lat' dir='ltr'>sit,</span> <span class='ocrx_word' id='word_1_81' title='bbox 1142 1253 1208 1292; x_wconf 91' lang='lat' dir='ltr'>cum</span> <span class='ocrx_word' id='word_1_82' title='bbox 1225 1240 1387 1293; x_wconf 81' lang='lat' dir='ltr'>asseveret:</span> 
     </span>
     <span class='ocr_line' id='line_1_10' title="bbox 286 1332 1387 1414; baseline -0.006 -17"><span class='ocrx_word' id='word_1_83' title='bbox 286 1347 412 1414; x_wconf 88' lang='lat' dir='ltr'>„portae</span> <span class='ocrx_word' id='word_1_84' title='bbox 427 1338 511 1398; x_wconf 92' lang='lat' dir='ltr'>urbis</span> <span class='ocrx_word' id='word_1_85' title='bbox 529 1337 605 1397; x_wconf 83' lang='lat' dir='ltr'>sitae</span> <span class='ocrx_word' id='word_1_86' title='bbox 621 1337 707 1397; x_wconf 83' lang='lat' dir='ltr'>iuxta</span> <span class='ocrx_word' id='word_1_87' title='bbox 722 1335 791 1395; x_wconf 85' lang='lat' dir='ltr'>illus</span> <span class='ocrx_word' id='word_1_88' title='bbox 808 1335 926 1408; x_wconf 85' lang='lat' dir='ltr'>fossas,</span> <span class='ocrx_word' id='word_1_89' title='bbox 950 1353 1061 1412; x_wconf 88' lang='lat' dir='ltr'>eaeque</span> <span class='ocrx_word' id='word_1_90' title='bbox 1083 1343 1190 1410; x_wconf 88' lang='lat' dir='ltr'>portae</span> <span class='ocrx_word' id='word_1_91' title='bbox 1207 1353 1225 1393; x_wconf 86' lang='lat' dir='ltr'>a</span> <span class='ocrx_word' id='word_1_92' title='bbox 1242 1332 1387 1392; x_wconf 88' lang='lat' dir='ltr'>Ninevitis</span> 
     </span>
     <span class='ocr_line' id='line_1_11' title="bbox 285 1434 1444 1516; baseline -0.008 -18"><span class='ocrx_word' id='word_1_93' title='bbox 285 1448 354 1498; x_wconf 87' lang='lat' dir='ltr'>aute</span> <span class='ocrx_word' id='word_1_94' title='bbox 379 1438 630 1516; x_wconf 82' lang='lat' dir='ltr'>oppugnationem</span> <span class='ocrx_word' id='word_1_95' title='bbox 655 1437 694 1496; x_wconf 84' lang='lat' dir='ltr'>ad</span> <span class='ocrx_word' id='word_1_96' title='bbox 716 1436 859 1496; x_wconf 85' lang='lat' dir='ltr'>arcendos</span> <span class='ocrx_word' id='word_1_97' title='bbox 876 1436 978 1496; x_wconf 86' lang='lat' dir='ltr'>hostes</span> <span class='ocrx_word' id='word_1_98' title='bbox 995 1435 1172 1508; x_wconf 76' lang='lat' dir='ltr'>innodatae,</span> <span class='ocrx_word' id='word_1_99' title='bbox 1199 1437 1237 1494; x_wconf 89' lang='lat' dir='ltr'>ab</span> <span class='ocrx_word' id='word_1_100' title='bbox 1257 1434 1388 1494; x_wconf 85' lang='lat' dir='ltr'>hostibus</span> <span class='ocrx_word' id='word_1_101' title='bbox 1443 1503 1444 1510; x_wconf 8' lang='grc' dir='ltr'>ἵ</span> 
     </span>
     <span class='ocr_line' id='line_1_12' title="bbox 284 1519 1444 1616; baseline -0.008 -16"><span class='ocrx_word' id='word_1_102' title='bbox 284 1559 371 1613; x_wconf 85' lang='lat' dir='ltr'>vcro,</span> <span class='ocrx_word' id='word_1_103' title='bbox 396 1539 484 1616; x_wconf 84' lang='lat' dir='ltr'>aquis</span> <span class='ocrx_word' id='word_1_104' title='bbox 504 1539 537 1600; x_wconf 87' lang='lat' dir='ltr'>iu</span> <span class='ocrx_word' id='word_1_105' title='bbox 560 1537 651 1596; x_wconf 89' lang='lat' dir='ltr'>alium</span> <span class='ocrx_word' id='word_1_106' title='bbox 668 1555 786 1597; x_wconf 89' lang='lat' dir='ltr'>cursum</span> <span class='ocrx_word' id='word_1_107' title='bbox 804 1536 944 1608; x_wconf 83' lang='lat' dir='ltr'>deflexis,</span> <span class='ocrx_word' id='word_1_108' title='bbox 969 1535 1098 1595; x_wconf 87' lang='lat' dir='ltr'>siccatae</span> <span class='ocrx_word' id='word_1_109' title='bbox 1115 1544 1145 1594; x_wconf 90' lang='lat' dir='ltr'>et</span> <span class='ocrx_word' id='word_1_110' title='bbox 1161 1544 1302 1611; x_wconf 85' lang='lat' dir='ltr'>apertae,</span> <span class='ocrx_word' id='word_1_111' title='bbox 1328 1543 1386 1592; x_wconf 89' lang='lat' dir='ltr'>uta</span> <span class='ocrx_word' id='word_1_112' title='bbox 1443 1519 1444 1552; x_wconf 52' lang='lat'><em>*</em></span> 
     </span>
     <span class='ocr_line' id='line_1_13' title="bbox 286 1634 1386 1719; baseline -0.006 -19"><span class='ocrx_word' id='word_1_113' title='bbox 286 1639 367 1719; x_wconf 85' lang='lat' dir='ltr'>Cyro</span> <span class='ocrx_word' id='word_1_114' title='bbox 391 1641 502 1700; x_wconf 85' lang='lat' dir='ltr'>factum</span> <span class='ocrx_word' id='word_1_115' title='bbox 524 1640 556 1698; x_wconf 91' lang='lat' dir='ltr'>iu</span> <span class='ocrx_word' id='word_1_116' title='bbox 580 1637 781 1718; x_wconf 83' lang='lat' dir='ltr'>expugnanda</span> <span class='ocrx_word' id='word_1_117' title='bbox 802 1637 958 1714; x_wconf 86' lang='lat' dir='ltr'>Babylone</span> <span class='ocrx_word' id='word_1_118' title='bbox 978 1635 1106 1713; x_wconf 84' lang='lat' dir='ltr'>legimus</span> <span class='ocrx_word' id='word_1_119' title='bbox 1130 1637 1161 1694; x_wconf 92' lang='lat' dir='ltr'>iu</span> <span class='ocrx_word' id='word_1_120' title='bbox 1182 1634 1386 1713; x_wconf 87' lang='lat' dir='ltr'>Xenophontis</span> 
     </span>
     <span class='ocr_line' id='line_1_14' title="bbox 286 1734 1386 1819; baseline -0.006 -19"><span class='ocrx_word' id='word_1_121' title='bbox 286 1740 485 1819; x_wconf 85' lang='lat' dir='ltr'>Cyropaedia.</span> <span class='ocrx_word' id='word_1_122' title='bbox 521 1741 607 1814; x_wconf 84' lang='lat' dir='ltr'>Quae</span> <span class='ocrx_word' id='word_1_123' title='bbox 623 1749 684 1798; x_wconf 88' lang='lat' dir='ltr'>tam</span> <span class='ocrx_word' id='word_1_124' title='bbox 702 1739 781 1798; x_wconf 88' lang='lat' dir='ltr'>altos</span> <span class='ocrx_word' id='word_1_125' title='bbox 798 1746 828 1796; x_wconf 90' lang='lat' dir='ltr'>et</span> <span class='ocrx_word' id='word_1_126' title='bbox 843 1739 922 1798; x_wconf 90' lang='lat' dir='ltr'>latos</span> <span class='ocrx_word' id='word_1_127' title='bbox 939 1757 1040 1797; x_wconf 88' lang='lat' dir='ltr'>muros</span> <span class='ocrx_word' id='word_1_128' title='bbox 1057 1737 1187 1796; x_wconf 88' lang='lat' dir='ltr'>habebat</span> <span class='ocrx_word' id='word_1_129' title='bbox 1204 1738 1297 1809; x_wconf 87' lang='lat' dir='ltr'>urbs,</span> <span class='ocrx_word' id='word_1_130' title='bbox 1322 1734 1386 1794; x_wconf 85' lang='lat' dir='ltr'>fati·</span> 
     </span>
     <span class='ocr_line' id='line_1_15' title="bbox 285 1837 1444 1920; baseline -0.005 -21"><span class='ocrx_word' id='word_1_131' title='bbox 285 1841 344 1902; x_wconf 91' lang='lat' dir='ltr'>lins</span> <span class='ocrx_word' id='word_1_132' title='bbox 361 1843 589 1918; x_wconf 83' lang='lat' dir='ltr'>expugnabatur</span> <span class='ocrx_word' id='word_1_133' title='bbox 606 1839 774 1898; x_wconf 87' lang='lat' dir='ltr'>derivandis</span> <span class='ocrx_word' id='word_1_134' title='bbox 791 1839 897 1912; x_wconf 78' lang='lat' dir='ltr'>fossis,</span> <span class='ocrx_word' id='word_1_135' title='bbox 922 1857 1012 1916; x_wconf 89' lang='lat' dir='ltr'>quam</span> <span class='ocrx_word' id='word_1_136' title='bbox 1034 1837 1205 1914; x_wconf 88' lang='lat' dir='ltr'>rumpendis</span> <span class='ocrx_word' id='word_1_137' title='bbox 1225 1837 1385 1896; x_wconf 89' lang='lat' dir='ltr'>moenibus.</span> <span class='ocrx_word' id='word_1_138' title='bbox 1443 1855 1444 1920; x_wconf 67' lang='lat' dir='ltr'>y</span> 
     </span>
     <span class='ocr_line' id='line_1_16' title="bbox 285 1921 1444 2024; baseline -0.005 -24"><span class='ocrx_word' id='word_1_139' title='bbox 285 1939 357 2000; x_wconf 86' lang='lat' dir='ltr'>Nou</span> <span class='ocrx_word' id='word_1_140' title='bbox 374 1941 476 2000; x_wconf 85' lang='lat' dir='ltr'>obstat</span> <span class='ocrx_word' id='word_1_141' title='bbox 491 1940 560 1998; x_wconf 90' lang='lat' dir='ltr'>huic</span> <span class='ocrx_word' id='word_1_142' title='bbox 581 1958 664 1998; x_wconf 83' lang='lat' dir='ltr'>meae</span> <span class='ocrx_word' id='word_1_143' title='bbox 687 1939 925 2014; x_wconf 88' lang='lat' dir='ltr'>interpretationi</span> <span class='ocrx_word' id='word_1_144' title='bbox 947 1947 1016 1998; x_wconf 88' lang='lat' dir='ltr'>ante</span> <span class='ocrx_word' id='word_1_145' title='bbox 1039 1947 1204 2024; x_wconf 77' lang='lat' dir='ltr'>memorata</span> <span class='ocrx_word' id='word_1_146' title='bbox 1228 1939 1318 1998; x_wconf 85' lang='lat' dir='ltr'>vinea</span> <span class='ocrx_word' id='word_1_147' title='bbox 1339 1936 1385 1994; x_wconf 84' lang='lat' dir='ltr'>ad·</span> <span class='ocrx_word' id='word_1_148' title='bbox 1443 1921 1444 1928; x_wconf 8' lang='grc' dir='ltr'>ἵ</span> 
     </span>
     <span class='ocr_line' id='line_1_17' title="bbox 286 2037 1385 2116; baseline -0.005 -16"><span class='ocrx_word' id='word_1_149' title='bbox 286 2047 368 2100; x_wconf 87' lang='lat' dir='ltr'>mota</span> <span class='ocrx_word' id='word_1_150' title='bbox 383 2058 479 2099; x_wconf 91' lang='lat' dir='ltr'>muro.</span> <span class='ocrx_word' id='word_1_151' title='bbox 515 2039 568 2104; x_wconf 87' lang='lat' dir='ltr'>Nil</span> <span class='ocrx_word' id='word_1_152' title='bbox 591 2037 781 2114; x_wconf 82' lang='lat' dir='ltr'>inexpertum</span> <span class='ocrx_word' id='word_1_153' title='bbox 805 2041 945 2100; x_wconf 89' lang='lat' dir='ltr'>omittunt</span> <span class='ocrx_word' id='word_1_154' title='bbox 962 2043 1198 2116; x_wconf 84' lang='lat' dir='ltr'>oppugnantes.“</span> <span class='ocrx_word' id='word_1_155' title='bbox 1233 2041 1281 2098; x_wconf 87' lang='lat' dir='ltr'>At</span> <span class='ocrx_word' id='word_1_156' title='bbox 1298 2056 1385 2116; x_wconf 91' lang='lat' dir='ltr'>quo·</span> 
     </span>
     <span class='ocr_line' id='line_1_18' title="bbox 285 2138 1384 2216; baseline -0.005 -16"><span class='ocrx_word' id='word_1_157' title='bbox 285 2139 392 2200; x_wconf 89' lang='lat' dir='ltr'>modo</span> <span class='ocrx_word' id='word_1_158' title='bbox 411 2139 520 2216; x_wconf 77' lang='lat' dir='ltr'>aperiri</span> <span class='ocrx_word' id='word_1_159' title='bbox 536 2147 640 2216; x_wconf 84' lang='lat' dir='ltr'>portas</span> <span class='ocrx_word' id='word_1_160' title='bbox 658 2159 711 2216; x_wconf 89' lang='lat' dir='ltr'>per</span> <span class='ocrx_word' id='word_1_161' title='bbox 727 2139 873 2200; x_wconf 84' lang='lat' dir='ltr'>visionem</span> <span class='ocrx_word' id='word_1_162' title='bbox 891 2140 1081 2216; x_wconf 78' lang='lat' dir='ltr'>conspexerit</span> <span class='ocrx_word' id='word_1_163' title='bbox 1097 2148 1200 2212; x_wconf 87' lang='lat' dir='ltr'>vates,</span> <span class='ocrx_word' id='word_1_164' title='bbox 1223 2159 1287 2200; x_wconf 91' lang='lat' dir='ltr'>non</span> <span class='ocrx_word' id='word_1_165' title='bbox 1304 2138 1384 2207; x_wconf 81' lang='lat' dir='ltr'>dixit3</span> 
     </span>
     <span class='ocr_line' id='line_1_19' title="bbox 285 2239 1444 2318; baseline 0 -18"><span class='ocrx_word' id='word_1_166' title='bbox 285 2248 331 2314; x_wconf 90' lang='lat' dir='ltr'>et,</span> <span class='ocrx_word' id='word_1_167' title='bbox 364 2240 390 2300; x_wconf 91' lang='lat' dir='ltr'>si</span> <span class='ocrx_word' id='word_1_168' title='bbox 418 2239 521 2298; x_wconf 89' lang='lat' dir='ltr'>eodem</span> <span class='ocrx_word' id='word_1_169' title='bbox 545 2240 652 2314; x_wconf 88' lang='lat' dir='ltr'>modo,</span> <span class='ocrx_word' id='word_1_170' title='bbox 676 2259 712 2299; x_wconf 89' lang='lat' dir='ltr'>ac</span> <span class='ocrx_word' id='word_1_171' title='bbox 741 2249 847 2317; x_wconf 87' lang='lat' dir='ltr'>postea</span> <span class='ocrx_word' id='word_1_172' title='bbox 868 2241 1024 2318; x_wconf 83' lang='lat' dir='ltr'>Babylon,</span> <span class='ocrx_word' id='word_1_173' title='bbox 1058 2248 1146 2316; x_wconf 85' lang='lat' dir='ltr'>capta</span> <span class='ocrx_word' id='word_1_174' title='bbox 1178 2240 1271 2299; x_wconf 90' lang='lat' dir='ltr'>etiam</span> <span class='ocrx_word' id='word_1_175' title='bbox 1296 2239 1386 2298; x_wconf 86' lang='lat' dir='ltr'>Ninus</span> <span class='ocrx_word' id='word_1_176' title='bbox 1443 2279 1444 2300; x_wconf 50' lang='lat' dir='ltr'>t</span> 
     </span>
     <span class='ocr_line' id='line_1_20' title="bbox 286 2340 1385 2418; baseline -0.005 -16"><span class='ocrx_word' id='word_1_177' title='bbox 286 2350 380 2414; x_wconf 83' lang='lat' dir='ltr'>esset,</span> <span class='ocrx_word' id='word_1_178' title='bbox 407 2340 509 2401; x_wconf 88' lang='lat' dir='ltr'>nescio</span> <span class='ocrx_word' id='word_1_179' title='bbox 534 2361 572 2400; x_wconf 85' lang='lat' dir='ltr'>au</span> <span class='ocrx_word' id='word_1_180' title='bbox 595 2341 746 2418; x_wconf 91' lang='lat' dir='ltr'>proditum</span> <span class='ocrx_word' id='word_1_181' title='bbox 776 2342 937 2408; x_wconf 83' lang='lat' dir='ltr'>memoriae</span> <span class='ocrx_word' id='word_1_182' title='bbox 966 2349 1054 2402; x_wconf 87' lang='lat' dir='ltr'>esset.</span> <span class='ocrx_word' id='word_1_183' title='bbox 1088 2341 1181 2402; x_wconf 88' lang='lat' dir='ltr'>Vates</span> <span class='ocrx_word' id='word_1_184' title='bbox 1209 2350 1311 2402; x_wconf 84' lang='lat' dir='ltr'>autem</span> <span class='ocrx_word' id='word_1_185' title='bbox 1339 2355 1385 2398; x_wconf 86' lang='lat' dir='ltr'>nec</span> 
     </span>
     <span class='ocr_line' id='line_1_21' title="bbox 286 2440 1385 2519; baseline -0.004 -19"><span class='ocrx_word' id='word_1_186' title='bbox 286 2461 402 2502; x_wconf 88' lang='lat' dir='ltr'>amnem</span> <span class='ocrx_word' id='word_1_187' title='bbox 418 2441 542 2502; x_wconf 89' lang='lat' dir='ltr'>Khosar</span> <span class='ocrx_word' id='word_1_188' title='bbox 559 2461 625 2502; x_wconf 85' lang='lat' dir='ltr'>cum</span> <span class='ocrx_word' id='word_1_189' title='bbox 641 2443 795 2503; x_wconf 87' lang='lat' dir='ltr'>canalibus</span> <span class='ocrx_word' id='word_1_190' title='bbox 817 2443 883 2502; x_wconf 88' lang='lat' dir='ltr'>iude</span> <span class='ocrx_word' id='word_1_191' title='bbox 907 2441 1058 2514; x_wconf 88' lang='lat' dir='ltr'>deductis,</span> <span class='ocrx_word' id='word_1_192' title='bbox 1082 2461 1136 2500; x_wconf 90' lang='lat' dir='ltr'>nee</span> <span class='ocrx_word' id='word_1_193' title='bbox 1152 2441 1269 2519; x_wconf 81' lang='lat' dir='ltr'>Lycum</span> <span class='ocrx_word' id='word_1_194' title='bbox 1296 2461 1319 2501; x_wconf 90' lang='lat' dir='ltr'>s.</span> <span class='ocrx_word' id='word_1_195' title='bbox 1336 2440 1385 2497; x_wconf 87' lang='lat' dir='ltr'>Za·</span> 
     </span>
     <span class='ocr_line' id='line_1_22' title="bbox 286 2543 1385 2621; baseline -0.004 -19"><span class='ocrx_word' id='word_1_196' title='bbox 286 2543 406 2602; x_wconf 86' lang='lat' dir='ltr'>batum¹</span> <span class='ocrx_word' id='word_1_197' title='bbox 430 2543 607 2621; x_wconf 88' lang='lat' dir='ltr'>indigitasse</span> <span class='ocrx_word' id='word_1_198' title='bbox 628 2544 777 2621; x_wconf 87' lang='lat' dir='ltr'>putandus</span> <span class='ocrx_word' id='word_1_199' title='bbox 796 2553 855 2618; x_wconf 90' lang='lat' dir='ltr'>est,</span> <span class='ocrx_word' id='word_1_200' title='bbox 881 2545 933 2604; x_wconf 87' lang='lat' dir='ltr'>sed</span> <span class='ocrx_word' id='word_1_201' title='bbox 951 2563 1030 2602; x_wconf 88' lang='lat' dir='ltr'>mere</span> <span class='ocrx_word' id='word_1_202' title='bbox 1046 2551 1166 2619; x_wconf 89' lang='lat' dir='ltr'>portas,</span> <span class='ocrx_word' id='word_1_203' title='bbox 1190 2543 1292 2605; x_wconf 83' lang='lat' dir='ltr'>fluviis</span> <span class='ocrx_word' id='word_1_204' title='bbox 1308 2559 1385 2618; x_wconf 87' lang='lat' dir='ltr'>prae·</span> 
     </span>
     <span class='ocr_line' id='line_1_23' title="bbox 286 2641 1444 2721; baseline -0.005 -17"><span class='ocrx_word' id='word_1_205' title='bbox 286 2645 469 2706; x_wconf 86' lang='lat' dir='ltr'>terenutibus</span> <span class='ocrx_word' id='word_1_206' title='bbox 486 2645 713 2717; x_wconf 70' lang='lat' dir='ltr'>munitissimam</span> <span class='ocrx_word' id='word_1_207' title='bbox 732 2644 897 2704; x_wconf 85' lang='lat' dir='ltr'>cuiusmodi</span> <span class='ocrx_word' id='word_1_208' title='bbox 913 2644 1009 2721; x_wconf 88' lang='lat' dir='ltr'>portis</span> <span class='ocrx_word' id='word_1_209' title='bbox 1022 2642 1135 2702; x_wconf 91' lang='lat' dir='ltr'>Ninum</span> <span class='ocrx_word' id='word_1_210' title='bbox 1149 2643 1280 2711; x_wconf 88' lang='lat' dir='ltr'>defendi,</span> <span class='ocrx_word' id='word_1_211' title='bbox 1300 2641 1383 2718; x_wconf 82' lang='lat' dir='ltr'>„snb</span> <span class='ocrx_word' id='word_1_212' title='bbox 1443 2643 1444 2706; x_wconf 68' lang='grc'><strong>1</strong></span> 
     </span>
     <span class='ocr_line' id='line_1_24' title="bbox 285 2709 1444 2823; baseline -0.002 -19"><span class='ocrx_word' id='word_1_213' title='bbox 285 2745 367 2804; x_wconf 90' lang='lat' dir='ltr'>tileru</span> <span class='ocrx_word' id='word_1_214' title='bbox 383 2745 517 2806; x_wconf 88' lang='lat' dir='ltr'>locorum</span> <span class='ocrx_word' id='word_1_215' title='bbox 533 2745 754 2823; x_wconf 64' lang='lat' dir='ltr'>cognitionemt‘</span> <span class='ocrx_word' id='word_1_216' title='bbox 772 2745 894 2805; x_wconf 87' lang='lat' dir='ltr'>minime</span> <span class='ocrx_word' id='word_1_217' title='bbox 911 2745 989 2818; x_wconf 85' lang='lat' dir='ltr'>olet,</span> <span class='ocrx_word' id='word_1_218' title='bbox 1015 2744 1059 2802; x_wconf 91' lang='lat' dir='ltr'>uti</span> <span class='ocrx_word' id='word_1_219' title='bbox 1082 2744 1234 2804; x_wconf 84' lang='lat' dir='ltr'>existimat</span> <span class='ocrx_word' id='word_1_220' title='bbox 1249 2744 1384 2804; x_wconf 84' lang='lat' dir='ltr'>Tncnns</span> <span class='ocrx_word' id='word_1_221' title='bbox 1443 2709 1444 2790; x_wconf 65' lang='lat' dir='ltr'>i</span> 
     </span>
     <span class='ocr_line' id='line_1_25' title="bbox 285 2843 1384 2922; baseline -0.003 -19"><span class='ocrx_word' id='word_1_222' title='bbox 285 2864 316 2920; x_wconf 92' lang='lat' dir='ltr'>p.</span> <span class='ocrx_word' id='word_1_223' title='bbox 331 2849 364 2903; x_wconf 88' lang='grc'>64</span> <span class='ocrx_word' id='word_1_224' title='bbox 371 2865 380 2916; x_wconf 91' lang='lat'>;</span> <span class='ocrx_word' id='word_1_225' title='bbox 410 2864 510 2907; x_wconf 89' lang='lat' dir='ltr'>nonne</span> <span class='ocrx_word' id='word_1_226' title='bbox 538 2846 617 2904; x_wconf 91' lang='lat' dir='ltr'>enim</span> <span class='ocrx_word' id='word_1_227' title='bbox 640 2848 677 2905; x_wconf 84' lang='lat' dir='ltr'>ab</span> <span class='ocrx_word' id='word_1_228' title='bbox 701 2845 839 2922; x_wconf 86' lang='lat' dir='ltr'>Assyriis</span> <span class='ocrx_word' id='word_1_229' title='bbox 862 2847 951 2906; x_wconf 86' lang='lat' dir='ltr'>toties</span> <span class='ocrx_word' id='word_1_230' title='bbox 974 2843 1142 2907; x_wconf 85' lang='lat' dir='ltr'>Galilaeam</span> <span class='ocrx_word' id='word_1_231' title='bbox 1163 2844 1384 2922; x_wconf 86' lang='lat' dir='ltr'>peragrantibus</span> 
     </span>
     <span class='ocr_line' id='line_1_26' title="bbox 285 2941 1444 3023; baseline 0.001 -23"><span class='ocrx_word' id='word_1_232' title='bbox 285 2941 413 3019; x_wconf 86' lang='lat' dir='ltr'>ipsaque</span> <span class='ocrx_word' id='word_1_233' title='bbox 425 2943 639 3021; x_wconf 87' lang='lat' dir='ltr'>Hierosolyma</span> <span class='ocrx_word' id='word_1_234' title='bbox 655 2945 913 3021; x_wconf 86' lang='lat' dir='ltr'>oppugnantibus,</span> <span class='ocrx_word' id='word_1_235' title='bbox 931 2965 997 3004; x_wconf 90' lang='lat' dir='ltr'>oum</span> <span class='ocrx_word' id='word_1_236' title='bbox 1008 2945 1091 3023; x_wconf 89' lang='lat' dir='ltr'>regni</span> <span class='ocrx_word' id='word_1_237' title='bbox 1105 2945 1151 3006; x_wconf 90' lang='lat' dir='ltr'>sui</span> <span class='ocrx_word' id='word_1_238' title='bbox 1164 2955 1194 3004; x_wconf 90' lang='lat' dir='ltr'>et</span> <span class='ocrx_word' id='word_1_239' title='bbox 1206 2945 1291 3006; x_wconf 80' lang='lat' dir='ltr'>urbis</span> <span class='ocrx_word' id='word_1_240' title='bbox 1306 2961 1384 3022; x_wconf 88' lang='lat' dir='ltr'>prae·</span> <span class='ocrx_word' id='word_1_241' title='bbox 1443 2963 1444 3016; x_wconf 45' lang='grc' dir='ltr'>ᾗ</span> 
     </span>
     <span class='ocr_line' id='line_1_27' title="bbox 284 3017 1444 3122; baseline 0.001 -22"><span class='ocrx_word' id='word_1_242' title='bbox 284 3041 425 3102; x_wconf 86' lang='lat' dir='ltr'>stantiam</span> <span class='ocrx_word' id='word_1_243' title='bbox 441 3042 580 3103; x_wconf 86' lang='lat' dir='ltr'>iactando</span> <span class='ocrx_word' id='word_1_244' title='bbox 598 3044 811 3118; x_wconf 82' lang='lat' dir='ltr'>describerent,</span> <span class='ocrx_word' id='word_1_245' title='bbox 835 3047 1044 3122; x_wconf 87' lang='lat' dir='ltr'>opportunitas</span> <span class='ocrx_word' id='word_1_246' title='bbox 1067 3047 1141 3106; x_wconf 80' lang='lat' dir='ltr'>nitus</span> <span class='ocrx_word' id='word_1_247' title='bbox 1165 3041 1384 3106; x_wconf 82' lang='lat' dir='ltr'>commemorari</span> <span class='ocrx_word' id='word_1_248' title='bbox 1443 3017 1444 3068; x_wconf 33' lang='grc' dir='ltr'>ἔ</span> 
     </span>
     <span class='ocr_line' id='line_1_28' title="bbox 284 3140 678 3216; baseline 0.01 -18"><span class='ocrx_word' id='word_1_249' title='bbox 284 3147 402 3216; x_wconf 86' lang='lat' dir='ltr'>praeter</span> <span class='ocrx_word' id='word_1_250' title='bbox 419 3148 517 3200; x_wconf 87' lang='lat' dir='ltr'>cetera</span> <span class='ocrx_word' id='word_1_251' title='bbox 534 3140 678 3202; x_wconf 76' lang='lat' dir='ltr'>debebat?</span> 
     </span>
    </p>

    <p class='ocr_par' dir='ltr' id='par_1_3' title="bbox 282 3240 1444 4226">
     <span class='ocr_line' id='line_1_29' title="bbox 332 3240 1382 3330; baseline 0.006 -32"><span class='ocrx_word' id='word_1_252' title='bbox 332 3240 374 3300; x_wconf 91' lang='lat' dir='ltr'>II.</span> <span class='ocrx_word' id='word_1_253' title='bbox 396 3242 465 3319; x_wconf 85' lang='lat' dir='ltr'>Age</span> <span class='ocrx_word' id='word_1_254' title='bbox 482 3249 580 3302; x_wconf 88' lang='lat' dir='ltr'>auteur</span> <span class='ocrx_word' id='word_1_255' title='bbox 598 3243 766 3318; x_wconf 87' lang='lat' dir='ltr'>videamus,</span> <span class='ocrx_word' id='word_1_256' title='bbox 791 3245 863 3322; x_wconf 90' lang='lat' dir='ltr'>quid</span> <span class='ocrx_word' id='word_1_257' title='bbox 881 3247 941 3330; x_wconf 84' lang='lat' dir='ltr'>alii</span> <span class='ocrx_word' id='word_1_258' title='bbox 965 3249 1162 3321; x_wconf 87' lang='lat' dir='ltr'>elaborarint,</span> <span class='ocrx_word' id='word_1_259' title='bbox 1193 3249 1261 3325; x_wconf 88' lang='lat' dir='ltr'>qui,</span> <span class='ocrx_word' id='word_1_260' title='bbox 1287 3247 1382 3307; x_wconf 86' lang='lat' dir='ltr'>relicto</span> 
     </span>
     <span class='ocr_line' id='line_1_30' title="bbox 283 3341 1383 3424; baseline 0.005 -25"><span class='ocrx_word' id='word_1_261' title='bbox 283 3341 408 3420; x_wconf 89' lang='lat' dir='ltr'>proprio</span> <span class='ocrx_word' id='word_1_262' title='bbox 431 3344 588 3402; x_wconf 86' lang='lat' dir='ltr'>verborum</span> <span class='ocrx_word' id='word_1_263' title='bbox 607 3365 711 3418; x_wconf 88' lang='lat' dir='ltr'>sensu,</span> <span class='ocrx_word' id='word_1_264' title='bbox 737 3347 770 3424; x_wconf 88' lang='lat' dir='ltr'>a)</span> <span class='ocrx_word' id='word_1_265' title='bbox 794 3356 928 3422; x_wconf 88' lang='lat' dir='ltr'>portae</span> <span class='ocrx_word' id='word_1_266' title='bbox 951 3348 1143 3407; x_wconf 88' lang='lat' dir='ltr'>translate</span> <span class='ocrx_word' id='word_1_267' title='bbox 1168 3348 1261 3408; x_wconf 89' lang='lat' dir='ltr'>dictas</span> <span class='ocrx_word' id='word_1_268' title='bbox 1288 3346 1383 3407; x_wconf 89' lang='lat' dir='ltr'>existi·</span> 
     </span>
     <span class='ocr_line' id='line_1_31' title="bbox 284 3444 1383 3526; baseline 0.002 -26"><span class='ocrx_word' id='word_1_269' title='bbox 284 3451 375 3502; x_wconf 89' lang='lat' dir='ltr'>mant</span> <span class='ocrx_word' id='word_1_270' title='bbox 412 3444 441 3521; x_wconf 90' lang='lat' dir='ltr'>l)</span> <span class='ocrx_word' id='word_1_271' title='bbox 458 3444 568 3506; x_wconf 82' lang='lat' dir='ltr'>Aditus</span> <span class='ocrx_word' id='word_1_272' title='bbox 585 3464 624 3506; x_wconf 85' lang='lat' dir='ltr'>ex</span> <span class='ocrx_word' id='word_1_273' title='bbox 640 3446 833 3506; x_wconf 85' lang='lat' dir='ltr'>inundatione</span> <span class='ocrx_word' id='word_1_274' title='bbox 847 3447 979 3526; x_wconf 80' lang='lat' dir='ltr'>Tigridis</span> <span class='ocrx_word' id='word_1_275' title='bbox 997 3448 1165 3524; x_wconf 84' lang='lat' dir='ltr'>patefactos</span> <span class='ocrx_word' id='word_1_276' title='bbox 1181 3447 1383 3526; x_wconf 87' lang='lat' dir='ltr'>intelligendos</span> 
     </span>
     <span class='ocr_line' id='line_1_32' title="bbox 284 3540 1381 3626; baseline 0.001 -26"><span class='ocrx_word' id='word_1_277' title='bbox 284 3559 350 3602; x_wconf 86' lang='lat' dir='ltr'>esse</span> <span class='ocrx_word' id='word_1_278' title='bbox 365 3544 473 3604; x_wconf 91' lang='lat' dir='ltr'>docent</span> <span class='ocrx_word' id='word_1_279' title='bbox 493 3543 661 3619; x_wconf 71' lang='lat' dir='ltr'>Senones,</span> <span class='ocrx_word' id='word_1_280' title='bbox 691 3546 902 3622; x_wconf 79' lang='lat' dir='ltr'>Kanrnsnrns,</span> <span class='ocrx_word' id='word_1_281' title='bbox 931 3549 1032 3622; x_wconf 86' lang='lat' dir='ltr'>Insr1,</span> <span class='ocrx_word' id='word_1_282' title='bbox 1052 3540 1224 3622; x_wconf 74' lang='lat' dir='ltr'>Hortum,</span> <span class='ocrx_word' id='word_1_283' title='bbox 1253 3556 1381 3626; x_wconf 84' lang='lat' dir='ltr'>respecto</span> 
     </span>
     <span class='ocr_line' id='line_1_33' title="bbox 283 3642 1382 3725; baseline 0.005 -25"><span class='ocrx_word' id='word_1_284' title='bbox 283 3642 438 3718; x_wconf 88' lang='lat' dir='ltr'>Diodoro,</span> <span class='ocrx_word' id='word_1_285' title='bbox 457 3663 517 3723; x_wconf 90' lang='lat' dir='ltr'>qno</span> <span class='ocrx_word' id='word_1_286' title='bbox 534 3656 656 3706; x_wconf 87' lang='lat' dir='ltr'>auctore</span> <span class='ocrx_word' id='word_1_287' title='bbox 671 3646 804 3724; x_wconf 86' lang='lat' dir='ltr'>Tigridis</span> <span class='ocrx_word' id='word_1_288' title='bbox 820 3647 1014 3708; x_wconf 89' lang='lat' dir='ltr'>inundatione</span> <span class='ocrx_word' id='word_1_289' title='bbox 1032 3647 1123 3708; x_wconf 87' lang='lat' dir='ltr'>muris</span> <span class='ocrx_word' id='word_1_290' title='bbox 1140 3668 1195 3725; x_wconf 90' lang='lat' dir='ltr'>per</span> <span class='ocrx_word' id='word_1_291' title='bbox 1211 3649 1275 3708; x_wconf 89' lang='lat' dir='ltr'>XX</span> <span class='ocrx_word' id='word_1_292' title='bbox 1292 3646 1382 3709; x_wconf 86' lang='lat' dir='ltr'>stadia</span> 
     </span>
     <span class='ocr_line' id='line_1_34' title="bbox 283 3743 1381 3827; baseline 0.002 -25"><span class='ocrx_word' id='word_1_293' title='bbox 283 3743 440 3804; x_wconf 88' lang='lat' dir='ltr'>destructis</span> <span class='ocrx_word' id='word_1_294' title='bbox 457 3747 529 3806; x_wconf 89' lang='lat' dir='ltr'>urbs</span> <span class='ocrx_word' id='word_1_295' title='bbox 544 3747 695 3824; x_wconf 85' lang='lat' dir='ltr'>patefacta</span> <span class='ocrx_word' id='word_1_296' title='bbox 711 3745 848 3809; x_wconf 90' lang='lat' dir='ltr'>hostibus</span> <span class='ocrx_word' id='word_1_297' title='bbox 866 3757 926 3822; x_wconf 89' lang='lat' dir='ltr'>est;</span> <span class='ocrx_word' id='word_1_298' title='bbox 953 3749 1005 3827; x_wconf 88' lang='lat' dir='ltr'>qui</span> <span class='ocrx_word' id='word_1_299' title='bbox 1032 3769 1067 3808; x_wconf 91' lang='lat' dir='ltr'>eo</span> <span class='ocrx_word' id='word_1_300' title='bbox 1090 3749 1153 3808; x_wconf 83' lang='lat' dir='ltr'>fere</span> <span class='ocrx_word' id='word_1_301' title='bbox 1170 3747 1310 3808; x_wconf 89' lang='lat' dir='ltr'>commoti</span> <span class='ocrx_word' id='word_1_302' title='bbox 1327 3756 1381 3808; x_wconf 84' lang='lat' dir='ltr'>stn-</span> 
     </span>
     <span class='ocr_line' id='line_1_35' title="bbox 283 3831 1382 3926; baseline 0.002 -24"><span class='ocrx_word' id='word_1_303' title='bbox 283 3843 351 3918; x_wconf 89' lang='lat' dir='ltr'>dio,</span> <span class='ocrx_word' id='word_1_304' title='bbox 364 3831 397 3904; x_wconf 76' lang='lat' dir='ltr'>ut</span> <span class='ocrx_word' id='word_1_305' title='bbox 408 3844 440 3902; x_wconf 83' lang='lat' dir='ltr'>lt</span> <span class='ocrx_word' id='word_1_306' title='bbox 453 3864 494 3904; x_wconf 61' lang='lat' dir='ltr'>ssi</span> <span class='ocrx_word' id='word_1_307' title='bbox 506 3865 572 3906; x_wconf 89' lang='lat' dir='ltr'>cum</span> <span class='ocrx_word' id='word_1_308' title='bbox 585 3855 717 3908; x_wconf 86' lang='lat' dir='ltr'>veterum</span> <span class='ocrx_word' id='word_1_309' title='bbox 730 3849 849 3926; x_wconf 84' lang='lat' dir='ltr'>seriptis</span> <span class='ocrx_word' id='word_1_310' title='bbox 862 3849 1017 3910; x_wconf 90' lang='lat' dir='ltr'>concinere</span> <span class='ocrx_word' id='word_1_311' title='bbox 1029 3849 1228 3922; x_wconf 87' lang='lat' dir='ltr'>ostenderent,</span> <span class='ocrx_word' id='word_1_312' title='bbox 1242 3849 1303 3909; x_wconf 87' lang='lat' dir='ltr'>vim</span> <span class='ocrx_word' id='word_1_313' title='bbox 1312 3847 1382 3907; x_wconf 89' lang='lat' dir='ltr'>infe·</span> 
     </span>
     <span class='ocr_line' id='line_1_36' title="bbox 282 3943 1381 4027; baseline 0 -25"><span class='ocrx_word' id='word_1_314' title='bbox 282 3952 351 4002; x_wconf 90' lang='lat' dir='ltr'>runt</span> <span class='ocrx_word' id='word_1_315' title='bbox 368 3943 482 4004; x_wconf 89' lang='lat' dir='ltr'>verbis:</span> <span class='ocrx_word' id='word_1_316' title='bbox 508 3963 578 4004; x_wconf 92' lang='lat' dir='ltr'>uam</span> <span class='ocrx_word' id='word_1_317' title='bbox 600 3947 631 4006; x_wconf 74' lang='lat' dir='ltr'>&#39;u</span> <span class='ocrx_word' id='word_1_318' title='bbox 652 3948 689 4008; x_wconf 78' lang='lat' dir='ltr'>&#39;ur</span> <span class='ocrx_word' id='word_1_319' title='bbox 720 3949 799 4006; x_wconf 88' lang='lat' dir='ltr'>nude</span> <span class='ocrx_word' id='word_1_320' title='bbox 821 3949 901 4008; x_wconf 89' lang='lat' dir='ltr'>dicta</span> <span class='ocrx_word' id='word_1_321' title='bbox 924 3969 986 4008; x_wconf 93' lang='lat' dir='ltr'>uou</span> <span class='ocrx_word' id='word_1_322' title='bbox 1010 3957 1139 4027; x_wconf 89' lang='lat' dir='ltr'>possunt</span> <span class='ocrx_word' id='word_1_323' title='bbox 1162 3958 1267 4026; x_wconf 88' lang='lat' dir='ltr'>portas</span> <span class='ocrx_word' id='word_1_324' title='bbox 1291 3946 1381 4009; x_wconf 78' lang='lat' dir='ltr'>flavis</span> 
     </span>
     <span class='ocr_line' id='line_1_37' title="bbox 282 4043 1444 4126; baseline 0.003 -24"><span class='ocrx_word' id='word_1_325' title='bbox 282 4043 448 4119; x_wconf 85' lang='lat' dir='ltr'>patefactas</span> <span class='ocrx_word' id='word_1_326' title='bbox 465 4043 604 4106; x_wconf 87' lang='lat' dir='ltr'>indicare.</span> <span class='ocrx_word' id='word_1_327' title='bbox 639 4049 669 4124; x_wconf 75' lang='lat'>2)</span> <span class='ocrx_word' id='word_1_328' title='bbox 686 4047 800 4107; x_wconf 83' lang='lat' dir='ltr'>Eadem</span> <span class='ocrx_word' id='word_1_329' title='bbox 818 4048 992 4110; x_wconf 83' lang='lat' dir='ltr'>difficultate</span> <span class='ocrx_word' id='word_1_330' title='bbox 1009 4049 1136 4110; x_wconf 86' lang='lat' dir='ltr'>aliorum</span> <span class='ocrx_word' id='word_1_331' title='bbox 1162 4051 1305 4126; x_wconf 87' lang='lat' dir='ltr'>premitur</span> <span class='ocrx_word' id='word_1_332' title='bbox 1322 4066 1381 4109; x_wconf 88' lang='lat' dir='ltr'>seu·</span> <span class='ocrx_word' id='word_1_333' title='bbox 1443 4065 1444 4126; x_wconf 70' lang='lat' dir='ltr'>l</span> 
     </span>
     <span class='ocr_line' id='line_1_38' title="bbox 283 4129 1444 4226; baseline 0.013 -27"><span class='ocrx_word' id='word_1_334' title='bbox 283 4142 392 4214; x_wconf 86' lang='lat' dir='ltr'>tentia,</span> <span class='ocrx_word' id='word_1_335' title='bbox 416 4141 469 4218; x_wconf 90' lang='lat' dir='ltr'>qui</span> <span class='ocrx_word' id='word_1_336' title='bbox 492 4144 599 4205; x_wconf 86' lang='lat' dir='ltr'>fluvios</span> <span class='ocrx_word' id='word_1_337' title='bbox 622 4153 763 4224; x_wconf 89' lang='lat' dir='ltr'>tanquam</span> <span class='ocrx_word' id='word_1_338' title='bbox 786 4149 869 4208; x_wconf 90' lang='lat' dir='ltr'>urbis</span> <span class='ocrx_word' id='word_1_339' title='bbox 896 4155 1003 4226; x_wconf 87' lang='lat' dir='ltr'>portas</span> <span class='ocrx_word' id='word_1_340' title='bbox 1025 4157 1164 4210; x_wconf 85' lang='lat' dir='ltr'>censeant</span> <span class='ocrx_word' id='word_1_341' title='bbox 1193 4150 1305 4225; x_wconf 88' lang='lat' dir='ltr'>dictos,</span> <span class='ocrx_word' id='word_1_342' title='bbox 1332 4165 1381 4224; x_wconf 89' lang='lat' dir='ltr'>per</span> <span class='ocrx_word' id='word_1_343' title='bbox 1443 4129 1444 4214; x_wconf 70' lang='lat' dir='ltr'>i</span> 
     </span>
    </p>
   </div>
   <div class='ocr_carea' id='block_1_3' title="bbox 334 4365 899 4426">
    <p class='ocr_par' dir='ltr' id='par_1_4' title="bbox 334 4365 899 4426">
     <span class='ocr_line' id='line_1_39' title="bbox 334 4365 899 4426; baseline 0.014 -12"><span class='ocrx_word' id='word_1_344' title='bbox 334 4366 360 4426; x_wconf 89' lang='lat'>1)</span> <span class='ocrx_word' id='word_1_345' title='bbox 377 4365 591 4420; x_wconf 80' lang='lat' dir='ltr'>Scuumranrsctnr</span> <span class='ocrx_word' id='word_1_346' title='bbox 611 4369 672 4420; x_wconf 86' lang='lat' dir='ltr'>dise.</span> <span class='ocrx_word' id='word_1_347' title='bbox 692 4371 724 4422; x_wconf 88' lang='lat' dir='ltr'>de</span> <span class='ocrx_word' id='word_1_348' title='bbox 741 4371 811 4423; x_wconf 90' lang='lat' dir='ltr'>Nino</span> <span class='ocrx_word' id='word_1_349' title='bbox 830 4375 899 4424; x_wconf 83' lang='lat' dir='ltr'>urbe.</span> 
     </span>
    </p>
   </div>
   <div class='ocr_carea' id='block_1_4' title="bbox 0 0 1464 5098">
    <p class='ocr_par' dir='ltr' id='par_1_5' title="bbox 0 0 1464 5098">
     <span class='ocr_line' id='line_1_40' title="bbox 0 0 1464 5098; baseline 0 0"><span class='ocrx_word' id='word_1_350' title='bbox 0 0 1464 5098; x_wconf 95' lang='lat' dir='ltr'> </span> 
     </span>
    </p>
   </div>
  </div>
 </body>
</html>
