2966 5090
420 309 446 384 ᾗ.
465 313 490 365 7.
518 308 569 365 Du
587 323 703 367 mooun
721 325 881 366 varremn.
1125 331 1210 374 nxvn

92 494 190 564 aiunt,
203 498 332 550 aetatem
346 490 585 550 vaticinabantur
594 491 613 563 ¹,
632 492 712 568 quod
726 492 827 550 decem
840 492 959 568 quidem
973 493 1109 554 tribubus
1120 495 1211 555 inter·

93 593 250 652 necionem
277 591 316 650 ab
339 590 476 667 Assyriis
501 592 748 667 comparandam,
773 591 896 650 ludaico
920 600 1018 651 autem
1042 613 1134 672 regno
1157 616 1210 655 en-

93 693 213 771 gustias
231 692 438 772 tantummodo
456 699 486 748 et
502 692 710 752 tribulationes
728 711 793 750 oum
812 693 1103 770 magnificentissima
1116 698 1154 755 ab
1172 697 1210 756 iis

92 792 274 854 liberatione
290 791 407 850 futuras
432 792 621 867 praedicant,
646 811 706 870 qno
729 793 809 852 facto
832 794 892 870 ipsi
909 794 1030 870 Assyrii
1052 814 1071 854 a
1093 816 1207 856 summo

93 894 252 972 potentiae
268 891 391 969 fastigio
410 892 509 950 subito
528 893 633 950 deiecti
650 893 911 970 exstinguerentur
927 903 1018 972 atque
1031 897 1207 957 delerentur.

95 995 168 1070 Quo
185 993 216 1050 in
234 1010 340 1070 genere
356 1000 552 1070 posteaquam
570 993 699 1051 Hesi-:ns
716 994 864 1053 diversam
881 995 1036 1072 utriusque
1061 999 1145 1076 regni
1162 1018 1208 1058 ra-

94 1096 212 1154 tionem
229 1093 408 1170 significavit
425 1104 454 1150 et
470 1093 572 1151 indicii
590 1093 756 1167 ministros,
776 1095 858 1153 nullo
876 1097 937 1154 fere
955 1094 1088 1174 ipsorum
1105 1098 1209 1158 habito

95 1203 252 1270 respectu,
275 1192 458 1269 nuncupavit
468 1191 487 1266 ²,
513 1195 607 1267 loun,
639 1195 690 1272 qui
714 1195 869 1255 universae
891 1198 1067 1273 prophetiae
1090 1200 1209 1259 brevem

98 1294 320 1372 quodammodo
343 1293 465 1352 exhibet
487 1295 708 1370 conspectant,
737 1296 867 1357 universi
890 1297 991 1356 iudicii
1016 1300 1115 1375 specie
1137 1319 1208 1376 pro·

95 1395 201 1473 posita
224 1393 345 1453 Israelis
367 1395 456 1453 simul
477 1395 660 1471 punitionem
685 1406 715 1454 et
736 1397 867 1456 bostium
890 1417 909 1456 a
937 1400 1139 1474 septentrione
1164 1401 1209 1459 in-

95 1496 267 1574 gruentium
289 1495 439 1553 interitum
462 1495 683 1572 comprehendit
691 1496 712 1555 ⁴.
751 1498 843 1556 Auos
867 1497 972 1555 deinde
994 1499 1126 1558 bostium
1147 1520 1207 1559 non

95 1599 259 1656 immensas
281 1595 400 1654 omnino
417 1604 553 1655 catervas
572 1597 660 1669 vidit,
680 1596 767 1656 sicuti
785 1597 865 1670 leel,
891 1617 993 1656 verum
1018 1608 1128 1658 certam
1153 1619 1209 1676 po·

95 1697 164 1774 puli
182 1696 326 1773 speciem,
345 1698 431 1772 longe
451 1697 557 1756 remoti
574 1698 774 1756 cuiusdamet
790 1697 985 1770 ferocissimi,
1004 1699 1087 1758 ouius
1105 1706 1205 1758 tamen

94 1816 207 1857 nomen
224 1796 373 1873 ignotast
404 1797 482 1856 Tum
500 1817 570 1857 vero
588 1799 711 1856 Insulas
729 1799 841 1874 ingenti
856 1798 1054 1876 Assyriorum
1070 1799 1206 1875 potentia

94 1898 239 1959 Israelem
257 1915 418 1974 omnesque
442 1898 504 1956 fere
525 1906 628 1975 gentes
651 1909 807 1974 superatas
831 1899 976 1975 conspicit
1001 1908 1091 1978 atque
1114 1900 1204 1959 truci-

96 2001 204 2071 datas,
227 1998 329 2056 divina
352 2006 450 2056 autem
474 1985 703 2075 omnipotentia,
728 2019 805 2077 quae
823 2008 940 2060 tuentur
956 1999 1099 2075 Iudaeos,
1124 2001 1208 2078 ipsos

1 2170 3 2176 y
94 2099 198 2175 frangi
216 2107 306 2173 atque
323 2099 463 2158 contundi
472 2121 481 2170 ;
500 2107 529 2158 et
546 2120 622 2177 quae
640 2100 765 2176 singulis
778 2100 839 2159 fere
851 2101 982 2161 numeris
996 2101 1098 2160 divino
1112 2102 1207 2162 elatus

1 2263 2 2270 ,
95 2200 207 2277 spiritu
229 2199 434 2276 praedixerat,
459 2219 495 2258 ea
524 2200 585 2260 suis
608 2201 674 2276 ipse
698 2201 791 2260 oculis
815 2202 1052 2278 splendidissime
1078 2202 1206 2273 evenire,

96 2301 169 2360 etsi
186 2319 247 2359 non
265 2301 385 2373 confici,
409 2311 507 2359 tamen
531 2310 668 2360 eventum
686 2320 788 2361 eorum
805 2302 926 2378 plenum
943 2302 1063 2360 iamiam
1080 2302 1210 2378 incipere

95 2400 202 2461 vidirt
241 2400 355 2459 Eodem
382 2409 515 2477 tempore
532 2402 638 2458 M1ons
654 2392 783 2460 Iudaeos
812 2420 883 2477 erga
907 2401 1071 2458 Dominum
1103 2409 1206 2458 coutu-

93 2521 198 2562 maces
214 2501 279 2559 iore
296 2510 330 2561 ut
346 2501 545 2577 Babyloniam
564 2501 725 2576 aliquando
749 2501 964 2582 abducerentur
972 2497 992 2569 ²,
1018 2500 1056 2556 ab
1070 2499 1206 2574 Assyriis

153 2743 181 2805 1)
198 2743 305 2808 copiose
323 2749 348 2790 et
371 2744 514 2792 luculenter
537 2741 569 2789 do
593 2739 681 2790 iudole
704 2745 730 2786 et
755 2738 855 2786 ratione
872 2738 898 2786 ΙΙ.
921 2737 1141 2802 propheticorum,
1165 2737 1212 2800 qui

92 2829 210 2892 AssyrIa
232 2827 475 2890 aetateoonscripti
498 2831 570 2886 sunt,
596 2823 735 2888 disputavit
757 2821 914 2882 cassans,
938 2821 1002 2870 uber
1026 2820 1114 2871 Mcha
1137 2835 1162 2884 p.
1176 2820 1208 2870 66

94 2915 174 2964 -74
190 2917 255 2961 nott.

148 2997 177 3058 a)
194 2995 247 3046 cn.
265 2994 330 3043 uos.
347 2994 376 3054 1,
395 2995 419 3044 e.
438 2995 462 3041 a.
475 3019 508 3028 -
521 2973 602 3054 vin,
622 2993 662 3042 13.
685 2993 740 3053 rx,
759 2993 782 3042 3.
802 2991 826 3039 e.
849 2991 905 3052 xr,
922 2992 938 3041 a
958 2991 1000 3040 an.

149 3083 177 3144 3)
194 3079 321 3144 Apposite
339 3077 415 3127 Cass.
433 3077 450 3124 l.
467 3077 483 3124 l.
501 3093 531 3141 p,
542 3079 575 3126 70
592 3085 736 3127 asseverat:
757 3075 849 3138 ,Ioel's
868 3075 939 3127 Buoh
957 3077 1005 3137 ist,
1023 3091 1052 3124 so
1071 3089 1103 3122 au
1121 3087 1210 3138 sagea,

92 3163 322 3226 das.Programm
348 3161 394 3210 der
418 3160 566 3225 Propheten
590 3161 636 3209 der
658 3162 820 3223 assyrischen
838 3162 909 3222 Zeit,
930 3161 960 3224 ja
983 3159 1030 3208 der
1049 3163 1210 3220 gesammten

92 3247 263 3316 Prophetie.“

147 3335 178 3396 4)
195 3331 249 3382 on.
267 3330 383 3391 loelli,
403 3330 523 3379 la—aa.

152 3419 182 3480 5)
199 3416 253 3466 cfr.
271 3415 333 3475 Am.
351 3413 404 3474 VI,
424 3415 463 3462 14.
488 3414 522 3474 V,
541 3413 581 3461 at.
788 3401 802 3429 ⁰

149 3501 179 3562 6)
196 3500 251 3551 cfr.
268 3499 320 3548 ies.
337 3498 372 3558 X,
385 3498 489 3548 5-34.
507 3497 583 3557 XIV,
595 3497 717 3544 24-27.
735 3494 824 3554 XVII,
832 3495 872 3542 13.
884 3492 923 3541 14.
942 3491 1051 3552 XXIII,
1065 3491 1102 3540 13.
1121 3489 1210 3549 XXX,

92 3585 225 3640 31-33.
243 3581 352 3644 ΧΧΧΙ,
370 3585 393 3631 8.
412 3583 436 3631 9.
454 3579 592 3641 XXXIII,
612 3582 634 3628 1.
652 3578 786 3637 XXXVI,
804 3575 939 3626 XXXVII
956 3577 989 3636 (v.
1001 3577 1024 3622 7.
1043 3571 1173 3632 22-38).

151 3669 180 3727 7)
197 3667 369 3730 Posteaquam
387 3665 538 3715 Iamdudum
554 3667 658 3716 luerunt
677 3663 789 3721 inventi,
808 3661 851 3724 qui
869 3659 947 3708 Mioh.
965 3658 993 3718 1,
1004 3657 1109 3706 8—16.
1127 3656 1171 3715 11,
1184 3657 1209 3704 4.

93 3759 142 3806 10.
160 3751 220 3814 111,
238 3753 284 3811 12,
301 3764 333 3800 ao
349 3751 500 3813 praesertim
518 3749 566 3810 IV,
585 3750 600 3800 9
619 3746 821 3810 asportationem
839 3743 942 3792 Indaeis
960 3742 993 3790 ab
1011 3738 1140 3802 Assyriis,
1157 3751 1211 3788 non

93 3836 279 3900 aBabylouiia
296 3835 410 3883 futuram
428 3834 541 3897 praedici
558 3835 733 3896 opinarentur,
750 3825 1043 3878 novissimeCssrlnrna
1059 3823 1076 3872 1.
1090 3822 1107 3870 l.
1125 3834 1149 3883 p.
1162 3821 1211 3870 159

91 3921 194 3971 -183
217 3919 325 3969 candem
350 3919 505 3969 seutentiam
528 3917 717 3968 accuratissime
740 3913 871 3975 defendit3
893 3911 954 3961 licet
977 3922 1062 3959 autem
1084 3905 1212 3970 permulta

91 4004 206 4070 egregie
225 4004 373 4067 exposuisse
391 4001 513 4053 dicendus
532 4003 578 4062 sit,
601 4008 687 4050 tamen
712 3999 935 4062 argumentosius
953 4005 1108 4059 magnopere
1125 4003 1212 4040 oense·

90 4103 159 4142 mus
176 4087 361 4152 improbanda,
379 4087 530 4152 praesertim
542 4101 599 4136 cnm
611 4084 721 4133 idoneae
733 4083 910 4133 vadeiniorum
923 4081 1019 4128 ratinni
1032 4085 1108 4142 atque
1127 4083 1213 4126 aucto·

90 4173 174 4225 ritoti
192 4171 295 4221 officere
313 4171 463 4231 videantur3
480 4172 533 4219 imo
552 4183 618 4233 qnae
636 4174 726 4218 nonna
743 4181 816 4217 suam
834 4165 989 4215 sententiam
1001 4165 1100 4214 moneri
1110 4157 1213 4226 quidem

89 4267 180 4324 posse
198 4257 248 4317 ait,
271 4255 318 4304 sod
339 4255 453 4304 refutare
470 4260 577 4304 conatus
597 4259 649 4314 est,
671 4265 703 4301 ea
720 4250 823 4300 fortiter
840 4237 1012 4296 sustentanda
1028 4247 1213 4295 existimamus.

89 4342 180 4395 Prius
196 4353 259 4390 sero
277 4352 354 4404 quam
371 4339 572 4402 disputationem
584 4338 639 4387 eius
654 4335 845 4394 examinemus,
863 4329 1007 4380 notandum
1018 4330 1127 4389 videtur,
1146 4327 1215 4391 quod

978 4427 994 4461 v
1004 4413 1017 4440 1
