<?xml version="1.0" encoding="UTF-8"?>
<!DOCTYPE html PUBLIC "-//W3C//DTD XHTML 1.0 Transitional//EN"
    "http://www.w3.org/TR/xhtml1/DTD/xhtml1-transitional.dtd">
<html xmlns="http://www.w3.org/1999/xhtml" xml:lang="en" lang="en">
 <head>
  <title>
</title>
<meta http-equiv="Content-Type" content="text/html;charset=utf-8" />
  <meta name='ocr-system' content='tesseract 3.04.00' />
  <meta name='ocr-capabilities' content='ocr_page ocr_carea ocr_par ocr_line ocrx_word'/>
</head>
<body>
  <div class='ocr_page' id='page_1' title='image "./nahumideninovat00stragoog/nahumideninovat00stragoog_0125.png"; bbox 0 0 2918 5098; ppageno 0'>
   <div class='ocr_carea' id='block_1_1' title="bbox 293 295 992 372">
    <p class='ocr_par' dir='ltr' id='par_1_1' title="bbox 293 295 992 372">
     <span class='ocr_line' id='line_1_1' title="bbox 293 295 992 372; baseline -0.016 -6"><span class='ocrx_word' id='word_1_1' title='bbox 293 297 338 366; x_wconf 88' lang='grc'><strong>36</strong></span> <span class='ocrx_word' id='word_1_2' title='bbox 703 295 775 359; x_wconf 69' lang='lat' dir='ltr'><strong>Onu.</strong></span> <span class='ocrx_word' id='word_1_3' title='bbox 789 299 820 372; x_wconf 89' lang='grc' dir='ltr'><strong>Ι,</strong></span> <span class='ocrx_word' id='word_1_4' title='bbox 840 318 867 358; x_wconf 85' lang='lat' dir='ltr'><strong>v.</strong></span> <span class='ocrx_word' id='word_1_5' title='bbox 884 304 992 356; x_wconf 80' lang='lat' dir='ltr'><strong>m-m.</strong></span> 
     </span>
    </p>
   </div>
   <div class='ocr_carea' id='block_1_2' title="bbox 289 451 1445 1771">
    <p class='ocr_par' dir='ltr' id='par_1_2' title="bbox 289 451 1445 1771">
     <span class='ocr_line' id='line_1_2' title="bbox 291 451 1445 592; baseline -0.007 -46"><span class='ocrx_word' id='word_1_6' title='bbox 291 489 347 546; x_wconf 92' lang='lat' dir='ltr'><strong>deo</strong></span> <span class='ocrx_word' id='word_1_7' title='bbox 364 487 431 562; x_wconf 85' lang='lat' dir='ltr'><strong>ipso</strong></span> <span class='ocrx_word' id='word_1_8' title='bbox 449 485 690 561; x_wconf 85' lang='lat' dir='ltr'><strong>comprobatum,</strong></span> <span class='ocrx_word' id='word_1_9' title='bbox 706 483 898 560; x_wconf 71' lang='lat' dir='ltr'>intelligimus</span> <span class='ocrx_word' id='word_1_10' title='bbox 911 483 929 542; x_wconf 89' lang='lat'><strong>¹.</strong></span> <span class='ocrx_word' id='word_1_11' title='bbox 959 481 1102 558; x_wconf 74' lang='lat' dir='ltr'><strong>(Onnov,</strong></span> <span class='ocrx_word' id='word_1_12' title='bbox 1120 480 1387 560; x_wconf 80' lang='lat' dir='ltr'><strong>Rosnnn.,ll1rz.)</strong></span> <span class='ocrx_word' id='word_1_13' title='bbox 1442 451 1445 592; x_wconf 41' lang='lat' dir='ltr'><em>A</em></span> 
     </span>
     <span class='ocr_line' id='line_1_3' title="bbox 291 581 1445 662; baseline -0.005 -16"><span class='ocrx_word' id='word_1_14' title='bbox 291 589 359 646; x_wconf 91' lang='lat' dir='ltr'><strong>Hoc</strong></span> <span class='ocrx_word' id='word_1_15' title='bbox 375 587 452 646; x_wconf 84' lang='lat' dir='ltr'><strong>enim</strong></span> <span class='ocrx_word' id='word_1_16' title='bbox 469 586 542 646; x_wconf 90' lang='lat' dir='ltr'><strong>illud</strong></span> <span class='ocrx_word' id='word_1_17' title='bbox 567 594 612 646; x_wconf 90' lang='lat' dir='ltr'><strong>est</strong></span> <span class='ocrx_word' id='word_1_18' title='bbox 636 585 790 662; x_wconf 89' lang='lat' dir='ltr'><strong>proprium</strong></span> <span class='ocrx_word' id='word_1_19' title='bbox 812 584 911 661; x_wconf 83' lang='lat' dir='ltr'><strong>regnis</strong></span> <span class='ocrx_word' id='word_1_20' title='bbox 933 584 1108 656; x_wconf 86' lang='lat' dir='ltr'><strong>mundanis,</strong></span> <span class='ocrx_word' id='word_1_21' title='bbox 1133 584 1215 661; x_wconf 90' lang='lat' dir='ltr'><strong>quod</strong></span> <span class='ocrx_word' id='word_1_22' title='bbox 1238 581 1307 641; x_wconf 88' lang='lat' dir='ltr'><strong>odio</strong></span> <span class='ocrx_word' id='word_1_23' title='bbox 1330 602 1387 658; x_wconf 87' lang='lat' dir='ltr'><strong>per·</strong></span> <span class='ocrx_word' id='word_1_24' title='bbox 1444 599 1445 634; x_wconf 54' lang='lat' dir='ltr'><strong>r</strong></span> 
     </span>
     <span class='ocr_line' id='line_1_4' title="bbox 291 684 1445 768; baseline -0.007 -22"><span class='ocrx_word' id='word_1_25' title='bbox 291 695 454 768; x_wconf 59' lang='lat' dir='ltr'><strong>amnuntur</strong></span> <span class='ocrx_word' id='word_1_26' title='bbox 477 687 635 760; x_wconf 84' lang='lat' dir='ltr'><strong>Israelem,</strong></span> <span class='ocrx_word' id='word_1_27' title='bbox 649 717 651 728; x_wconf 80' lang='lat'><em>=</em></span> <span class='ocrx_word' id='word_1_28' title='bbox 667 705 727 744; x_wconf 88' lang='lat' dir='ltr'><strong>non</strong></span> <span class='ocrx_word' id='word_1_29' title='bbox 752 685 848 763; x_wconf 86' lang='lat' dir='ltr'><strong>ipsius</strong></span> <span class='ocrx_word' id='word_1_30' title='bbox 872 693 987 745; x_wconf 88' lang='lat' dir='ltr'><strong>tantum</strong></span> <span class='ocrx_word' id='word_1_31' title='bbox 1018 703 1140 757; x_wconf 86' lang='lat' dir='ltr'><strong>caussa,</strong></span> <span class='ocrx_word' id='word_1_32' title='bbox 1171 684 1225 744; x_wconf 87' lang='lat' dir='ltr'><strong>ssd</strong></span> <span class='ocrx_word' id='word_1_33' title='bbox 1257 684 1385 756; x_wconf 83' lang='lat' dir='ltr'>maxime,</span> <span class='ocrx_word' id='word_1_34' title='bbox 1444 735 1445 738; x_wconf 74' lang='grc'>,</span> 
     </span>
     <span class='ocr_line' id='line_1_5' title="bbox 291 786 1386 866; baseline -0.006 -18"><span class='ocrx_word' id='word_1_35' title='bbox 291 790 373 866; x_wconf 88' lang='lat' dir='ltr'><strong>qnod</strong></span> <span class='ocrx_word' id='word_1_36' title='bbox 399 807 455 864; x_wconf 90' lang='lat' dir='ltr'><strong>pro</strong></span> <span class='ocrx_word' id='word_1_37' title='bbox 482 787 595 862; x_wconf 85' lang='lat' dir='ltr'><strong>fictitiis</strong></span> <span class='ocrx_word' id='word_1_38' title='bbox 617 787 707 847; x_wconf 86' lang='lat' dir='ltr'><strong>idolis</strong></span> <span class='ocrx_word' id='word_1_39' title='bbox 730 787 793 848; x_wconf 90' lang='lat' dir='ltr'><strong>suls</strong></span> <span class='ocrx_word' id='word_1_40' title='bbox 817 787 904 844; x_wconf 89' lang='lat' dir='ltr'><strong>deum</strong></span> <span class='ocrx_word' id='word_1_41' title='bbox 927 787 971 844; x_wconf 92' lang='lat' dir='ltr'><strong>illi</strong></span> <span class='ocrx_word' id='word_1_42' title='bbox 994 786 1096 846; x_wconf 87' lang='lat' dir='ltr'><strong>colunt</strong></span> <span class='ocrx_word' id='word_1_43' title='bbox 1112 804 1203 844; x_wconf 91' lang='lat' dir='ltr'><strong>unum</strong></span> <span class='ocrx_word' id='word_1_44' title='bbox 1226 793 1256 843; x_wconf 87' lang='lat' dir='ltr'><strong>et</strong></span> <span class='ocrx_word' id='word_1_45' title='bbox 1280 804 1386 857; x_wconf 80' lang='lat' dir='ltr'><strong>verum3</strong></span> 
     </span>
     <span class='ocr_line' id='line_1_6' title="bbox 290 877 1445 968; baseline -0.004 -20"><span class='ocrx_word' id='word_1_46' title='bbox 290 890 418 968; x_wconf 90' lang='lat' dir='ltr'><strong>ideoque</strong></span> <span class='ocrx_word' id='word_1_47' title='bbox 447 889 562 948; x_wconf 82' lang='lat' dir='ltr'><strong>occulta</strong></span> <span class='ocrx_word' id='word_1_48' title='bbox 595 895 625 946; x_wconf 82' lang='lat' dir='ltr'><strong>et</strong></span> <span class='ocrx_word' id='word_1_49' title='bbox 654 907 769 948; x_wconf 88' lang='lat' dir='ltr'><strong>summa</strong></span> <span class='ocrx_word' id='word_1_50' title='bbox 803 886 976 947; x_wconf 75' lang='lat' dir='ltr'><strong>inimicitiae</strong></span> <span class='ocrx_word' id='word_1_51' title='bbox 1008 883 1116 946; x_wconf 83' lang='lat' dir='ltr'><strong>caus&#39;sa</strong></span> <span class='ocrx_word' id='word_1_52' title='bbox 1148 893 1195 946; x_wconf 86' lang='lat' dir='ltr'><strong>est</strong></span> <span class='ocrx_word' id='word_1_53' title='bbox 1217 885 1341 944; x_wconf 86' lang='lat' dir='ltr'><strong>defectio</strong></span> <span class='ocrx_word' id='word_1_54' title='bbox 1363 895 1386 943; x_wconf 91' lang='lat' dir='ltr'><strong>et</strong></span> <span class='ocrx_word' id='word_1_55' title='bbox 1444 877 1445 880; x_wconf 46' lang='lat'>&#39;</span> 
     </span>
     <span class='ocr_line' id='line_1_7' title="bbox 290 981 1387 1063; baseline -0.006 -13"><span class='ocrx_word' id='word_1_56' title='bbox 290 989 478 1050; x_wconf 82' lang='lat' dir='ltr'><strong>contumacia</strong></span> <span class='ocrx_word' id='word_1_57' title='bbox 507 997 612 1048; x_wconf 86' lang='lat' dir='ltr'><strong>contra</strong></span> <span class='ocrx_word' id='word_1_58' title='bbox 640 987 812 1048; x_wconf 89' lang='lat' dir='ltr'><strong>Dominum.</strong></span> <span class='ocrx_word' id='word_1_59' title='bbox 837 1021 874 1032; x_wconf 92' lang='lat'><em>-</em></span> <span class='ocrx_word' id='word_1_60' title='bbox 894 981 1004 1050; x_wconf 57' lang='lat' dir='ltr'><strong>rimi:</strong></span> <span class='ocrx_word' id='word_1_61' title='bbox 1026 1000 1096 1062; x_wconf 63' lang='lat' dir='ltr'><strong>tart*</strong></span> <span class='ocrx_word' id='word_1_62' title='bbox 1118 987 1162 1060; x_wconf 88' lang='lat' dir='ltr'><strong>is,</strong></span> <span class='ocrx_word' id='word_1_63' title='bbox 1194 986 1246 1063; x_wconf 90' lang='lat' dir='ltr'><strong>qui</strong></span> <span class='ocrx_word' id='word_1_64' title='bbox 1276 987 1387 1046; x_wconf 87' lang='lat' dir='ltr'><strong>molitur</strong></span> 
     </span>
     <span class='ocr_line' id='line_1_8' title="bbox 290 1084 1387 1168; baseline -0.007 -18"><span class='ocrx_word' id='word_1_65' title='bbox 290 1090 417 1150; x_wconf 83' lang='lat' dir='ltr'><strong>consilia</strong></span> <span class='ocrx_word' id='word_1_66' title='bbox 437 1087 604 1167; x_wconf 70' lang='lat' dir='ltr'><strong>nequitiae,</strong></span> <span class='ocrx_word' id='word_1_67' title='bbox 621 1108 691 1148; x_wconf 90' lang='lat' dir='ltr'><strong>nam</strong></span> <span class='ocrx_word' id='word_1_68' title='bbox 708 1084 814 1168; x_wconf 59' lang='lat' dir='ltr'><strong>Smin,</strong></span> <span class='ocrx_word' id='word_1_69' title='bbox 832 1087 916 1148; x_wconf 89' lang='lat' dir='ltr'><strong>cuins</strong></span> <span class='ocrx_word' id='word_1_70' title='bbox 934 1085 1036 1146; x_wconf 87' lang='lat' dir='ltr'><strong>varias</strong></span> <span class='ocrx_word' id='word_1_71' title='bbox 1055 1087 1225 1153; x_wconf 87' lang='lat' dir='ltr'><strong>notationes</strong></span> <span class='ocrx_word' id='word_1_72' title='bbox 1248 1087 1387 1165; x_wconf 75' lang='lat' dir='ltr'><strong>congessit</strong></span> 
     </span>
     <span class='ocr_line' id='line_1_9' title="bbox 289 1187 1385 1264; baseline -0.006 -14"><span class='ocrx_word' id='word_1_73' title='bbox 289 1191 371 1250; x_wconf 76' lang='lat' dir='ltr'><strong>Dan.</strong></span> <span class='ocrx_word' id='word_1_74' title='bbox 389 1189 539 1248; x_wconf 77' lang='lat' dir='ltr'><strong>Hnmnsm</strong></span> <span class='ocrx_word' id='word_1_75' title='bbox 555 1188 728 1264; x_wconf 82' lang='lat' dir='ltr'><strong>(Nahumus</strong></span> <span class='ocrx_word' id='word_1_76' title='bbox 744 1188 886 1264; x_wconf 83' lang='lat' dir='ltr'><strong>pacificus</strong></span> <span class='ocrx_word' id='word_1_77' title='bbox 904 1208 932 1247; x_wconf 84' lang='lat' dir='ltr'><strong>a.</strong></span> <span class='ocrx_word' id='word_1_78' title='bbox 950 1188 980 1254; x_wconf 85' lang='lat' dir='ltr'><strong>h.</strong></span> <span class='ocrx_word' id='word_1_79' title='bbox 997 1187 1050 1264; x_wconf 91' lang='grc'>1.),</span> <span class='ocrx_word' id='word_1_80' title='bbox 1073 1188 1165 1262; x_wconf 85' lang='lat' dir='ltr'><strong>&#39;plane</strong></span> <span class='ocrx_word' id='word_1_81' title='bbox 1182 1195 1317 1246; x_wconf 88' lang='lat' dir='ltr'><strong>nostrum</strong></span> <span class='ocrx_word' id='word_1_82' title='bbox 1333 1195 1385 1246; x_wconf 86' lang='lat' dir='ltr'><strong>est:</strong></span> 
     </span>
     <span class='ocr_line' id='line_1_10' title="bbox 289 1287 1386 1367; baseline -0.006 -17"><span class='ocrx_word' id='word_1_83' title='bbox 289 1289 580 1367; x_wconf 78' lang='lat' dir='ltr'><strong>Nichtsnutngkcit,</strong></span> <span class='ocrx_word' id='word_1_84' title='bbox 611 1290 664 1348; x_wconf 82' lang='lat' dir='ltr'><strong>cfr.</strong></span> <span class='ocrx_word' id='word_1_85' title='bbox 688 1290 778 1348; x_wconf 85' lang='lat' dir='ltr'><strong>Dent.</strong></span> <span class='ocrx_word' id='word_1_86' title='bbox 791 1289 885 1362; x_wconf 84' lang='lat' dir='ltr'>XIII,</span> <span class='ocrx_word' id='word_1_87' title='bbox 911 1293 961 1360; x_wconf 74' lang='lat'><strong>143</strong></span> <span class='ocrx_word' id='word_1_88' title='bbox 991 1287 1062 1358; x_wconf 89' lang='lat' dir='ltr'><strong>XV,</strong></span> <span class='ocrx_word' id='word_1_89' title='bbox 1091 1293 1139 1362; x_wconf 89' lang='grc'><strong>19,</strong></span> <span class='ocrx_word' id='word_1_90' title='bbox 1169 1289 1258 1348; x_wconf 89' lang='lat' dir='ltr'><strong>unius</strong></span> <span class='ocrx_word' id='word_1_91' title='bbox 1286 1287 1386 1366; x_wconf 77' lang='lat' dir='ltr'><strong>ingenii</strong></span> 
     </span>
     <span class='ocr_line' id='line_1_11' title="bbox 289 1387 1386 1468; baseline -0.004 -18"><span class='ocrx_word' id='word_1_92' title='bbox 289 1391 387 1468; x_wconf 86' lang='lat' dir='ltr'><strong>specie</strong></span> <span class='ocrx_word' id='word_1_93' title='bbox 404 1391 617 1466; x_wconf 83' lang='lat' dir='ltr'><strong>comprehensa</strong></span> <span class='ocrx_word' id='word_1_94' title='bbox 632 1395 648 1448; x_wconf 77' lang='lat' dir='ltr'><strong>i</strong></span> <span class='ocrx_word' id='word_1_95' title='bbox 662 1387 743 1451; x_wconf 86' lang='lat' dir='ltr'><strong>Sam.</strong></span> <span class='ocrx_word' id='word_1_96' title='bbox 756 1389 877 1462; x_wconf 83' lang='lat' dir='ltr'>XXIII,</span> <span class='ocrx_word' id='word_1_97' title='bbox 895 1393 928 1460; x_wconf 72' lang='grc' dir='ltr'><strong>ὃς</strong></span> <span class='ocrx_word' id='word_1_98' title='bbox 946 1388 1012 1448; x_wconf 92' lang='lat' dir='ltr'><strong>Iob.</strong></span> <span class='ocrx_word' id='word_1_99' title='bbox 1025 1388 1174 1462; x_wconf 85' lang='lat' dir='ltr'>XXXIV,</span> <span class='ocrx_word' id='word_1_100' title='bbox 1195 1392 1236 1447; x_wconf 86' lang='grc'><strong>18.</strong></span> <span class='ocrx_word' id='word_1_101' title='bbox 1273 1390 1386 1448; x_wconf 84' lang='lat' dir='ltr'>Temere</span> 
     </span>
     <span class='ocr_line' id='line_1_12' title="bbox 290 1489 1386 1566; baseline -0.005 -15"><span class='ocrx_word' id='word_1_102' title='bbox 290 1490 473 1564; x_wconf 80' lang='lat' dir='ltr'><strong>Gssnmosr,</strong></span> <span class='ocrx_word' id='word_1_103' title='bbox 499 1491 588 1551; x_wconf 87' lang='lat' dir='ltr'><strong>sicuti</strong></span> <span class='ocrx_word' id='word_1_104' title='bbox 603 1491 669 1564; x_wconf 90' lang='lat' dir='ltr'><strong>hic,</strong></span> <span class='ocrx_word' id='word_1_105' title='bbox 690 1491 736 1551; x_wconf 88' lang='lat' dir='ltr'><strong>ita</strong></span> <span class='ocrx_word' id='word_1_106' title='bbox 751 1491 803 1550; x_wconf 89' lang='lat' dir='ltr'><strong>Ps.</strong></span> <span class='ocrx_word' id='word_1_107' title='bbox 816 1489 940 1564; x_wconf 87' lang='lat' dir='ltr'>XVIII,</span> <span class='ocrx_word' id='word_1_108' title='bbox 958 1495 975 1549; x_wconf 81' lang='lat'>5</span> <span class='ocrx_word' id='word_1_109' title='bbox 1001 1489 1157 1549; x_wconf 83' lang='lat' dir='ltr'>defendere</span> <span class='ocrx_word' id='word_1_110' title='bbox 1173 1490 1315 1566; x_wconf 86' lang='lat' dir='ltr'><strong>perniciei</strong></span> <span class='ocrx_word' id='word_1_111' title='bbox 1331 1509 1386 1549; x_wconf 87' lang='lat' dir='ltr'><strong>seu·</strong></span> 
     </span>
     <span class='ocr_line' id='line_1_13' title="bbox 289 1591 1387 1669; baseline -0.004 -17"><span class='ocrx_word' id='word_1_112' title='bbox 289 1611 355 1652; x_wconf 91' lang='lat' dir='ltr'><strong>sum</strong></span> <span class='ocrx_word' id='word_1_113' title='bbox 372 1592 504 1652; x_wconf 81' lang='lat' dir='ltr'><strong>ostendit</strong></span> <span class='ocrx_word' id='word_1_114' title='bbox 519 1591 678 1652; x_wconf 79' lang='lat' dir='ltr'><strong>Huncsrn.</strong></span> <span class='ocrx_word' id='word_1_115' title='bbox 696 1611 723 1652; x_wconf 89' lang='lat' dir='ltr'><strong>a.</strong></span> <span class='ocrx_word' id='word_1_116' title='bbox 741 1592 771 1651; x_wconf 89' lang='lat' dir='ltr'><strong>h.</strong></span> <span class='ocrx_word' id='word_1_117' title='bbox 789 1592 827 1664; x_wconf 88' lang='lat' dir='ltr'><strong>l.;</strong></span> <span class='ocrx_word' id='word_1_118' title='bbox 852 1591 975 1667; x_wconf 81' lang='lat' dir='ltr'><strong>insuper</strong></span> <span class='ocrx_word' id='word_1_119' title='bbox 991 1592 1072 1669; x_wconf 86' lang='lat' dir='ltr'><strong>apud</strong></span> <span class='ocrx_word' id='word_1_120' title='bbox 1088 1591 1230 1652; x_wconf 86' lang='lat' dir='ltr'><strong>usitatam</strong></span> <span class='ocrx_word' id='word_1_121' title='bbox 1246 1609 1387 1652; x_wconf 87' lang='lat' dir='ltr'><strong>remanere</strong></span> 
     </span>
     <span class='ocr_line' id='line_1_14' title="bbox 289 1693 914 1771; baseline -0.005 -18"><span class='ocrx_word' id='word_1_122' title='bbox 289 1701 468 1771; x_wconf 86' lang='lat' dir='ltr'><strong>potestatem</strong></span> <span class='ocrx_word' id='word_1_123' title='bbox 484 1701 589 1754; x_wconf 84' lang='lat' dir='ltr'><strong>nostro</strong></span> <span class='ocrx_word' id='word_1_124' title='bbox 605 1693 689 1768; x_wconf 86' lang='lat' dir='ltr'><strong>loco,</strong></span> <span class='ocrx_word' id='word_1_125' title='bbox 707 1700 807 1752; x_wconf 88' lang='lat' dir='ltr'><strong>monet</strong></span> <span class='ocrx_word' id='word_1_126' title='bbox 823 1693 870 1766; x_wconf 87' lang='lat' dir='ltr'><strong>H,</strong></span> <span class='ocrx_word' id='word_1_127' title='bbox 890 1697 914 1765; x_wconf 89' lang='lat' dir='ltr'><strong>l,</strong></span> 
     </span>
    </p>
   </div>
   <div class='ocr_carea' id='block_1_3' title="bbox 744 1869 945 1880">
    <p class='ocr_par' dir='ltr' id='par_1_3' title="bbox 744 1869 945 1880">
     <span class='ocr_line' id='line_1_15' title="bbox 744 1869 945 1880; baseline -0.015 0"><span class='ocrx_word' id='word_1_128' title='bbox 744 1869 945 1880; x_wconf 57' lang='lat'><strong>*—</strong></span> 
     </span>
    </p>
   </div>
   <div class='ocr_carea' id='block_1_4' title="bbox 288 1989 1445 2800">
    <p class='ocr_par' dir='ltr' id='par_1_4' title="bbox 340 1989 1388 2072">
     <span class='ocr_line' id='line_1_16' title="bbox 340 1989 1388 2072; baseline -0.005 -19"><span class='ocrx_word' id='word_1_129' title='bbox 340 1993 425 2070; x_wconf 79' lang='lat' dir='ltr'><strong>Quae</strong></span> <span class='ocrx_word' id='word_1_130' title='bbox 442 2011 509 2052; x_wconf 87' lang='lat' dir='ltr'><strong>oum</strong></span> <span class='ocrx_word' id='word_1_131' title='bbox 525 1993 569 2053; x_wconf 85' lang='lat' dir='ltr'><strong>ita</strong></span> <span class='ocrx_word' id='word_1_132' title='bbox 586 1993 661 2066; x_wconf 86' lang='lat' dir='ltr'><strong>sint,</strong></span> <span class='ocrx_word' id='word_1_133' title='bbox 686 1995 775 2054; x_wconf 82' lang='lat' dir='ltr'><strong>tinem</strong></span> <span class='ocrx_word' id='word_1_134' title='bbox 791 1994 879 2056; x_wconf 76' lang='lat' dir='ltr'><strong>liuius</strong></span> <span class='ocrx_word' id='word_1_135' title='bbox 895 1993 1060 2072; x_wconf 75' lang='lat' dir='ltr'><strong>particulae</strong></span> <span class='ocrx_word' id='word_1_136' title='bbox 1076 2013 1106 2053; x_wconf 88' lang='lat' dir='ltr'><strong>v.</strong></span> <span class='ocrx_word' id='word_1_137' title='bbox 1120 1997 1225 2066; x_wconf 79' lang='lat'><strong>6-11,</strong></span> <span class='ocrx_word' id='word_1_138' title='bbox 1248 1991 1343 2051; x_wconf 85' lang='lat' dir='ltr'><strong>redire</strong></span> <span class='ocrx_word' id='word_1_139' title='bbox 1357 1989 1388 2048; x_wconf 86' lang='lat' dir='ltr'><strong>ad</strong></span> 
     </span>
    </p>

    <p class='ocr_par' dir='ltr' id='par_1_5' title="bbox 288 2093 1387 2172">
     <span class='ocr_line' id='line_1_17' title="bbox 288 2093 1387 2172; baseline -0.004 -20"><span class='ocrx_word' id='word_1_140' title='bbox 288 2094 406 2154; x_wconf 85' lang='lat' dir='ltr'><strong>initium</strong></span> <span class='ocrx_word' id='word_1_141' title='bbox 418 2093 569 2168; x_wconf 82' lang='lat' dir='ltr'><strong>videmus,</strong></span> <span class='ocrx_word' id='word_1_142' title='bbox 587 2102 677 2172; x_wconf 83' lang='lat' dir='ltr'><strong>atque</strong></span> <span class='ocrx_word' id='word_1_143' title='bbox 693 2096 769 2154; x_wconf 84' lang='lat' dir='ltr'><strong>adeo</strong></span> <span class='ocrx_word' id='word_1_144' title='bbox 786 2095 912 2156; x_wconf 83' lang='lat' dir='ltr'><strong>salutem</strong></span> <span class='ocrx_word' id='word_1_145' title='bbox 921 2094 1027 2155; x_wconf 84' lang='lat' dir='ltr'><strong>Israeli</strong></span> <span class='ocrx_word' id='word_1_146' title='bbox 1043 2093 1253 2154; x_wconf 83' lang='lat' dir='ltr'><strong>vindicandam</strong></span> <span class='ocrx_word' id='word_1_147' title='bbox 1270 2094 1387 2169; x_wconf 90' lang='lat' dir='ltr'><strong>primun</strong></span> 
     </span>
    </p>

    <p class='ocr_par' dir='ltr' id='par_1_6' title="bbox 289 2193 1389 2273">
     <span class='ocr_line' id='line_1_18' title="bbox 289 2193 1389 2273; baseline -0.005 -19"><span class='ocrx_word' id='word_1_148' title='bbox 289 2194 321 2254; x_wconf 92' lang='lat' dir='ltr'><strong>in</strong></span> <span class='ocrx_word' id='word_1_149' title='bbox 337 2195 396 2256; x_wconf 80' lang='lat' dir='ltr'><strong>hoo</strong></span> <span class='ocrx_word' id='word_1_150' title='bbox 419 2213 526 2272; x_wconf 82' lang='lat' dir='ltr'><strong>genere</strong></span> <span class='ocrx_word' id='word_1_151' title='bbox 547 2193 646 2254; x_wconf 89' lang='lat' dir='ltr'><strong>locum</strong></span> <span class='ocrx_word' id='word_1_152' title='bbox 670 2197 797 2271; x_wconf 86' lang='lat' dir='ltr'><strong>habere,</strong></span> <span class='ocrx_word' id='word_1_153' title='bbox 821 2196 891 2256; x_wconf 85' lang='lat' dir='ltr'><strong>licet</strong></span> <span class='ocrx_word' id='word_1_154' title='bbox 912 2195 997 2273; x_wconf 77' lang='lat' dir='ltr'><strong>regni</strong></span> <span class='ocrx_word' id='word_1_155' title='bbox 1020 2194 1163 2254; x_wconf 88' lang='lat' dir='ltr'><strong>mundani</strong></span> <span class='ocrx_word' id='word_1_156' title='bbox 1185 2193 1344 2254; x_wconf 84' lang='lat' dir='ltr'><strong>destructio</strong></span> <span class='ocrx_word' id='word_1_157' title='bbox 1365 2199 1389 2251; x_wconf 92' lang='lat' dir='ltr'><strong>et</strong></span> 
     </span>
    </p>

    <p class='ocr_par' dir='ltr' id='par_1_7' title="bbox 288 2293 1445 2800">
     <span class='ocr_line' id='line_1_19' title="bbox 288 2293 1389 2376; baseline -0.002 -22"><span class='ocrx_word' id='word_1_158' title='bbox 288 2294 421 2368; x_wconf 84' lang='lat' dir='ltr'><strong>eversio,</strong></span> <span class='ocrx_word' id='word_1_159' title='bbox 437 2303 531 2374; x_wconf 87' lang='lat' dir='ltr'><strong>·quae&#39;</strong></span> <span class='ocrx_word' id='word_1_160' title='bbox 546 2295 707 2356; x_wconf 87' lang='lat' dir='ltr'><strong>remedium</strong></span> <span class='ocrx_word' id='word_1_161' title='bbox 731 2297 812 2359; x_wconf 89' lang='lat' dir='ltr'><strong>illius</strong></span> <span class='ocrx_word' id='word_1_162' title='bbox 829 2306 919 2376; x_wconf 83' lang='lat' dir='ltr'><strong>atque</strong></span> <span class='ocrx_word' id='word_1_163' title='bbox 943 2315 1050 2361; x_wconf 86' lang='lat' dir='ltr'><strong>caussa</strong></span> <span class='ocrx_word' id='word_1_164' title='bbox 1074 2304 1135 2370; x_wconf 85' lang='lat' dir='ltr'><strong>est,</strong></span> <span class='ocrx_word' id='word_1_165' title='bbox 1159 2295 1290 2356; x_wconf 83' lang='lat' dir='ltr'><strong>maxime</strong></span> <span class='ocrx_word' id='word_1_166' title='bbox 1313 2293 1389 2354; x_wconf 85' lang='lat' dir='ltr'><strong>cadat</strong></span> 
     </span>
     <span class='ocr_line' id='line_1_20' title="bbox 289 2396 733 2477; baseline 0.004 -21"><span class='ocrx_word' id='word_1_167' title='bbox 289 2397 344 2456; x_wconf 86' lang='lat' dir='ltr'><strong>sub</strong></span> <span class='ocrx_word' id='word_1_168' title='bbox 363 2396 516 2456; x_wconf 87' lang='lat' dir='ltr'><strong>oculorum</strong></span> <span class='ocrx_word' id='word_1_169' title='bbox 533 2406 733 2477; x_wconf 88' lang='lat' dir='ltr'><strong>conspectum.</strong></span> 
     </span>
     <span class='ocr_line' id='line_1_21' title="bbox 1444 2743 1445 2800; baseline 0 0"><span class='ocrx_word' id='word_1_170' title='bbox 1444 2743 1445 2800; x_wconf 83' lang='lat' dir='ltr'><strong>l</strong></span> 
     </span>
    </p>
   </div>
   <div class='ocr_carea' id='block_1_5' title="bbox 252 2907 1445 3514">
    <p class='ocr_par' dir='ltr' id='par_1_8' title="bbox 252 2907 1445 3514">
     <span class='ocr_line' id='line_1_22' title="bbox 296 2907 1387 3012; baseline -0.002 -24"><span class='ocrx_word' id='word_1_171' title='bbox 296 2907 302 2956; x_wconf 68' lang='lat'><em>7</em></span> <span class='ocrx_word' id='word_1_172' title='bbox 336 2929 490 3012; x_wconf 82' lang='lat' dir='ltr'><strong>Extremis</strong></span> <span class='ocrx_word' id='word_1_173' title='bbox 515 2918 623 3009; x_wconf 86' lang='lat' dir='ltr'><strong>capitis</strong></span> <span class='ocrx_word' id='word_1_174' title='bbox 649 2930 786 2991; x_wconf 88' lang='lat' dir='ltr'><strong>versibus</strong></span> <span class='ocrx_word' id='word_1_175' title='bbox 810 2921 911 2992; x_wconf 88' lang='lat' dir='ltr'><strong>brevis</strong></span> <span class='ocrx_word' id='word_1_176' title='bbox 937 2941 967 2992; x_wconf 92' lang='lat' dir='ltr'><strong>et</strong></span> <span class='ocrx_word' id='word_1_177' title='bbox 992 2933 1140 2994; x_wconf 89' lang='lat' dir='ltr'><strong>succincta</strong></span> <span class='ocrx_word' id='word_1_178' title='bbox 1164 2931 1257 2992; x_wconf 86' lang='lat' dir='ltr'><strong>dlvini</strong></span> <span class='ocrx_word' id='word_1_179' title='bbox 1280 2929 1387 2992; x_wconf 87' lang='lat' dir='ltr'><strong>consilii</strong></span> 
     </span>
     <span class='ocr_line' id='line_1_23' title="bbox 286 3028 1386 3108; baseline 0.002 -20"><span class='ocrx_word' id='word_1_180' title='bbox 286 3028 455 3088; x_wconf 86' lang='lat' dir='ltr'><strong>continetur</strong></span> <span class='ocrx_word' id='word_1_181' title='bbox 478 3030 658 3103; x_wconf 81' lang='lat' dir='ltr'><strong>declaratio,</strong></span> <span class='ocrx_word' id='word_1_182' title='bbox 687 3031 848 3106; x_wconf 87' lang='lat' dir='ltr'><strong>ipsissimis</strong></span> <span class='ocrx_word' id='word_1_183' title='bbox 870 3032 995 3092; x_wconf 90' lang='lat' dir='ltr'><strong>Domini</strong></span> <span class='ocrx_word' id='word_1_184' title='bbox 1020 3035 1121 3108; x_wconf 83' lang='lat' dir='ltr'><strong>verbis</strong></span> <span class='ocrx_word' id='word_1_185' title='bbox 1146 3032 1313 3094; x_wconf 87' lang='lat' dir='ltr'><strong>distinctius</strong></span> <span class='ocrx_word' id='word_1_186' title='bbox 1341 3049 1386 3090; x_wconf 83' lang='lat' dir='ltr'><strong>ex·</strong></span> 
     </span>
     <span class='ocr_line' id='line_1_24' title="bbox 285 3115 1445 3212; baseline 0.003 -27"><span class='ocrx_word' id='word_1_187' title='bbox 285 3145 401 3204; x_wconf 86' lang='lat' dir='ltr'><strong>pressa.</strong></span> <span class='ocrx_word' id='word_1_188' title='bbox 436 3129 557 3206; x_wconf 82' lang='lat' dir='ltr'><strong>Assyrii</strong></span> <span class='ocrx_word' id='word_1_189' title='bbox 574 3129 605 3188; x_wconf 93' lang='lat' dir='ltr'><strong>in</strong></span> <span class='ocrx_word' id='word_1_190' title='bbox 624 3149 739 3190; x_wconf 88' lang='lat' dir='ltr'><strong>summo</strong></span> <span class='ocrx_word' id='word_1_191' title='bbox 757 3115 909 3208; x_wconf 87' lang='lat' dir='ltr'><strong>potentiae</strong></span> <span class='ocrx_word' id='word_1_192' title='bbox 925 3135 1048 3212; x_wconf 86' lang='lat' dir='ltr'><strong>fastigio</strong></span> <span class='ocrx_word' id='word_1_193' title='bbox 1066 3143 1248 3208; x_wconf 87' lang='lat' dir='ltr'><strong>evertentur,</strong></span> <span class='ocrx_word' id='word_1_194' title='bbox 1272 3153 1326 3192; x_wconf 90' lang='lat' dir='ltr'><strong>nec</strong></span> <span class='ocrx_word' id='word_1_195' title='bbox 1340 3132 1387 3189; x_wconf 88' lang='lat' dir='ltr'><strong>ite·</strong></span> <span class='ocrx_word' id='word_1_196' title='bbox 1444 3151 1445 3158; x_wconf 53' lang='lat'>¹</span> 
     </span>
     <span class='ocr_line' id='line_1_25' title="bbox 252 3227 1388 3318; baseline 0.002 -32"><span class='ocrx_word' id='word_1_197' title='bbox 252 3315 254 3318; x_wconf 13' lang='grc' dir='ltr'>ι</span> <span class='ocrx_word' id='word_1_198' title='bbox 286 3229 352 3286; x_wconf 85' lang='lat' dir='ltr'><strong>rum</strong></span> <span class='ocrx_word' id='word_1_199' title='bbox 378 3227 416 3285; x_wconf 90' lang='lat' dir='ltr'><strong>ab</strong></span> <span class='ocrx_word' id='word_1_200' title='bbox 438 3227 477 3289; x_wconf 89' lang='lat' dir='ltr'><strong>iis</strong></span> <span class='ocrx_word' id='word_1_201' title='bbox 499 3229 668 3309; x_wconf 78' lang='lat' dir='ltr'><strong>affligentur</strong></span> <span class='ocrx_word' id='word_1_202' title='bbox 684 3232 787 3292; x_wconf 86' lang='lat' dir='ltr'><strong>Iudaei</strong></span> <span class='ocrx_word' id='word_1_203' title='bbox 804 3233 847 3309; x_wconf 89' lang='lat' dir='ltr'><strong>(v.</strong></span> <span class='ocrx_word' id='word_1_204' title='bbox 864 3237 928 3314; x_wconf 82' lang='lat' dir='ltr'><strong>lt);</strong></span> <span class='ocrx_word' id='word_1_205' title='bbox 951 3235 1028 3310; x_wconf 92' lang='lat' dir='ltr'><strong>imo,</strong></span> <span class='ocrx_word' id='word_1_206' title='bbox 1052 3257 1071 3294; x_wconf 88' lang='lat' dir='ltr'><strong>a</strong></span> <span class='ocrx_word' id='word_1_207' title='bbox 1095 3234 1219 3295; x_wconf 85' lang='lat' dir='ltr'><strong>viuculia</strong></span> <span class='ocrx_word' id='word_1_208' title='bbox 1242 3253 1342 3293; x_wconf 89' lang='lat' dir='ltr'><strong>eorum</strong></span> <span class='ocrx_word' id='word_1_209' title='bbox 1363 3239 1388 3288; x_wconf 87' lang='lat' dir='ltr'><strong>ct</strong></span> 
     </span>
     <span class='ocr_line' id='line_1_26' title="bbox 286 3327 1386 3414; baseline 0.002 -26"><span class='ocrx_word' id='word_1_210' title='bbox 286 3327 430 3388; x_wconf 85' lang='lat' dir='ltr'><strong>servitute</strong></span> <span class='ocrx_word' id='word_1_211' title='bbox 451 3349 530 3390; x_wconf 92' lang='lat' dir='ltr'><strong>nunc</strong></span> <span class='ocrx_word' id='word_1_212' title='bbox 551 3332 755 3398; x_wconf 87' lang='lat' dir='ltr'><strong>liberabuntur</strong></span> <span class='ocrx_word' id='word_1_213' title='bbox 779 3333 822 3410; x_wconf 86' lang='lat' dir='ltr'><strong>(v.</strong></span> <span class='ocrx_word' id='word_1_214' title='bbox 842 3337 903 3414; x_wconf 88' lang='lat'><strong>13),</strong></span> <span class='ocrx_word' id='word_1_215' title='bbox 932 3337 1093 3414; x_wconf 85' lang='lat' dir='ltr'><strong>Assyrium</strong></span> <span class='ocrx_word' id='word_1_216' title='bbox 1116 3354 1223 3396; x_wconf 90' lang='lat' dir='ltr'><strong>nomeu</strong></span> <span class='ocrx_word' id='word_1_217' title='bbox 1246 3354 1304 3394; x_wconf 84' lang='lat' dir='ltr'><strong>una</strong></span> <span class='ocrx_word' id='word_1_218' title='bbox 1329 3351 1386 3393; x_wconf 88' lang='lat' dir='ltr'><strong>cum</strong></span> 
     </span>
     <span class='ocr_line' id='line_1_27' title="bbox 284 3429 1153 3514; baseline 0.012 -28"><span class='ocrx_word' id='word_1_219' title='bbox 284 3429 435 3489; x_wconf 87' lang='lat' dir='ltr'><strong>idolorum</strong></span> <span class='ocrx_word' id='word_1_220' title='bbox 451 3430 619 3494; x_wconf 86' lang='lat' dir='ltr'><strong>simulacris</strong></span> <span class='ocrx_word' id='word_1_221' title='bbox 633 3434 767 3495; x_wconf 88' lang='lat' dir='ltr'><strong>funditus</strong></span> <span class='ocrx_word' id='word_1_222' title='bbox 784 3435 989 3514; x_wconf 63' lang='lat' dir='ltr'><strong>delebitmpz.</strong></span> <span class='ocrx_word' id='word_1_223' title='bbox 1005 3439 1060 3514; x_wconf 87' lang='grc'>14).</span> <span class='ocrx_word' id='word_1_224' title='bbox 1151 3443 1153 3448; x_wconf 80' lang='grc'><strong>“</strong></span> 
     </span>
    </p>
   </div>
   <div class='ocr_carea' id='block_1_6' title="bbox 282 3691 1389 4181">
    <p class='ocr_par' dir='ltr' id='par_1_9' title="bbox 282 3691 1389 4181">
     <span class='ocr_line' id='line_1_28' title="bbox 338 3691 1387 3763; baseline 0.001 -20"><span class='ocrx_word' id='word_1_225' title='bbox 338 3691 365 3754; x_wconf 92' lang='lat'><strong>1)</strong></span> <span class='ocrx_word' id='word_1_226' title='bbox 382 3691 535 3744; x_wconf 74' lang='lat' dir='ltr'><strong>Unanntus</strong></span> <span class='ocrx_word' id='word_1_227' title='bbox 557 3694 687 3760; x_wconf 82' lang='lat' dir='ltr'><strong>apposite,</strong></span> <span class='ocrx_word' id='word_1_228' title='bbox 709 3696 815 3746; x_wconf 84' lang='lat' dir='ltr'><strong>mutetis</strong></span> <span class='ocrx_word' id='word_1_229' title='bbox 837 3696 968 3748; x_wconf 84' lang='lat' dir='ltr'><strong>mutandis</strong></span> <span class='ocrx_word' id='word_1_230' title='bbox 986 3704 1132 3751; x_wconf 83' lang='lat' dir='ltr'><strong>asseverat:</strong></span> <span class='ocrx_word' id='word_1_231' title='bbox 1149 3695 1231 3763; x_wconf 59' lang='grc' dir='ltr'><strong>Μαι</strong></span> <span class='ocrx_word' id='word_1_232' title='bbox 1248 3695 1291 3746; x_wconf 84' lang='lat' dir='ltr'><strong>die</strong></span> <span class='ocrx_word' id='word_1_233' title='bbox 1310 3692 1387 3746; x_wconf 82' lang='lat' dir='ltr'><strong>Noth-</strong></span> 
     </span>
     <span class='ocr_line' id='line_1_29' title="bbox 284 3775 1388 3843; baseline -0.002 -16"><span class='ocrx_word' id='word_1_234' title='bbox 284 3777 443 3843; x_wconf 81' lang='lat' dir='ltr'><strong>wendigkeit</strong></span> <span class='ocrx_word' id='word_1_235' title='bbox 460 3781 531 3830; x_wconf 88' lang='lat' dir='ltr'><strong>eines</strong></span> <span class='ocrx_word' id='word_1_236' title='bbox 548 3792 577 3828; x_wconf 87' lang='lat' dir='ltr'><strong>so</strong></span> <span class='ocrx_word' id='word_1_237' title='bbox 594 3778 759 3830; x_wconf 81' lang='lat' dir='ltr'><strong>furchtbsren</strong></span> <span class='ocrx_word' id='word_1_238' title='bbox 777 3779 896 3832; x_wconf 79' lang='lat' dir='ltr'><strong>(Ierichts</strong></span> <span class='ocrx_word' id='word_1_239' title='bbox 912 3781 976 3832; x_wconf 81' lang='lat' dir='ltr'><strong>suber</strong></span> <span class='ocrx_word' id='word_1_240' title='bbox 992 3781 1089 3832; x_wconf 86' lang='lat' dir='ltr'><strong>Niuive</strong></span> <span class='ocrx_word' id='word_1_241' title='bbox 1107 3781 1179 3833; x_wconf 87' lang='lat' dir='ltr'><strong>recht</strong></span> <span class='ocrx_word' id='word_1_242' title='bbox 1205 3775 1388 3832; x_wconf 83' lang='lat' dir='ltr'><strong>eiudruclrsvoll</strong></span> 
     </span>
     <span class='ocr_line' id='line_1_30' title="bbox 283 3851 1389 3934; baseline -0.003 -22"><span class='ocrx_word' id='word_1_243' title='bbox 283 3861 507 3923; x_wconf 82' lang='lat' dir='ltr'><strong>hervorznhoben,</strong></span> <span class='ocrx_word' id='word_1_244' title='bbox 523 3861 626 3926; x_wconf 79' lang='lat' dir='ltr'><strong>drs&#39;engt¹</strong></span> <span class='ocrx_word' id='word_1_245' title='bbox 636 3877 665 3912; x_wconf 91' lang='lat' dir='ltr'><strong>er</strong></span> <span class='ocrx_word' id='word_1_246' title='bbox 682 3862 724 3912; x_wconf 90' lang='lat' dir='ltr'><strong>die</strong></span> <span class='ocrx_word' id='word_1_247' title='bbox 742 3851 949 3914; x_wconf 76' lang='lat' dir='ltr'><strong>unibersehbare</strong></span> <span class='ocrx_word' id='word_1_248' title='bbox 966 3865 1060 3934; x_wconf 85' lang='lat' dir='ltr'><strong>Menge</strong></span> <span class='ocrx_word' id='word_1_249' title='bbox 1079 3867 1126 3919; x_wconf 85' lang='lat' dir='ltr'><strong>der</strong></span> <span class='ocrx_word' id='word_1_250' title='bbox 1142 3859 1249 3926; x_wconf 84' lang='lat' dir='ltr'><strong>Violen,</strong></span> <span class='ocrx_word' id='word_1_251' title='bbox 1275 3863 1331 3925; x_wconf 89' lang='lat' dir='ltr'><strong>die,</strong></span> <span class='ocrx_word' id='word_1_252' title='bbox 1347 3874 1389 3911; x_wconf 85' lang='lat' dir='ltr'><strong>aus</strong></span> 
     </span>
     <span class='ocr_line' id='line_1_31' title="bbox 283 3940 1388 4014; baseline -0.002 -18"><span class='ocrx_word' id='word_1_253' title='bbox 283 3945 325 3996; x_wconf 89' lang='lat' dir='ltr'><strong>ihr</strong></span> <span class='ocrx_word' id='word_1_254' title='bbox 341 3943 549 4008; x_wconf 83' lang='lat' dir='ltr'><strong>hervorgehend,</strong></span> <span class='ocrx_word' id='word_1_255' title='bbox 570 3943 652 3995; x_wconf 79' lang='lat' dir='ltr'><strong>Boses</strong></span> <span class='ocrx_word' id='word_1_256' title='bbox 669 3959 768 3996; x_wconf 82' lang='lat' dir='ltr'><strong>sannen</strong></span> <span class='ocrx_word' id='word_1_257' title='bbox 785 3961 867 4010; x_wconf 77' lang='lat' dir='ltr'><strong>gagen</strong></span> <span class='ocrx_word' id='word_1_258' title='bbox 885 3947 1019 4014; x_wconf 86' lang='lat' dir='ltr'><strong>Jchovah,</strong></span> <span class='ocrx_word' id='word_1_259' title='bbox 1042 3953 1070 4002; x_wconf 90' lang='lat' dir='ltr'><strong>in</strong></span> <span class='ocrx_word' id='word_1_260' title='bbox 1093 3952 1150 4002; x_wconf 86' lang='lat' dir='ltr'><strong>eine</strong></span> <span class='ocrx_word' id='word_1_261' title='bbox 1168 3951 1268 4014; x_wconf 81' lang='lat' dir='ltr'><strong>einzigc</strong></span> <span class='ocrx_word' id='word_1_262' title='bbox 1285 3940 1388 3998; x_wconf 77' lang='lat' dir='ltr'><strong>Person·</strong></span> 
     </span>
     <span class='ocr_line' id='line_1_32' title="bbox 282 4028 1389 4096; baseline 0 -18"><span class='ocrx_word' id='word_1_263' title='bbox 282 4028 394 4079; x_wconf 84' lang='lat' dir='ltr'><strong>lichkeit</strong></span> <span class='ocrx_word' id='word_1_264' title='bbox 411 4043 572 4090; x_wconf 82' lang='lat' dir='ltr'><strong>zusammen,</strong></span> <span class='ocrx_word' id='word_1_265' title='bbox 590 4028 633 4079; x_wconf 83' lang='lat' dir='ltr'><strong>dle</strong></span> <span class='ocrx_word' id='word_1_266' title='bbox 651 4043 679 4080; x_wconf 90' lang='lat' dir='ltr'><strong>er</strong></span> <span class='ocrx_word' id='word_1_267' title='bbox 696 4033 885 4096; x_wconf 77' lang='lat' dir='ltr'><strong>voraugsweiso</strong></span> <span class='ocrx_word' id='word_1_268' title='bbox 903 4033 953 4083; x_wconf 85' lang='lat' dir='ltr'><strong>dan</strong></span> <span class='ocrx_word' id='word_1_269' title='bbox 965 4035 1063 4087; x_wconf 84' lang='lat' dir='ltr'><strong>Rather</strong></span> <span class='ocrx_word' id='word_1_270' title='bbox 1079 4035 1125 4087; x_wconf 85' lang='lat' dir='ltr'><strong>des</strong></span> <span class='ocrx_word' id='word_1_271' title='bbox 1137 4033 1297 4086; x_wconf 84' lang='lat' dir='ltr'><strong>Verderbens</strong></span> <span class='ocrx_word' id='word_1_272' title='bbox 1309 4033 1389 4086; x_wconf 82' lang='lat' dir='ltr'><strong>neunt,</strong></span> 
     </span>
     <span class='ocr_line' id='line_1_33' title="bbox 284 4111 1025 4181; baseline 0.008 -19"><span class='ocrx_word' id='word_1_273' title='bbox 284 4111 324 4162; x_wconf 82' lang='lat' dir='ltr'><strong>als</strong></span> <span class='ocrx_word' id='word_1_274' title='bbox 342 4113 413 4161; x_wconf 76' lang='lat' dir='ltr'><strong>wire</strong></span> <span class='ocrx_word' id='word_1_275' title='bbox 431 4125 459 4160; x_wconf 87' lang='lat' dir='ltr'><strong>cs</strong></span> <span class='ocrx_word' id='word_1_276' title='bbox 476 4111 524 4162; x_wconf 86' lang='lat' dir='ltr'><strong>der</strong></span> <span class='ocrx_word' id='word_1_277' title='bbox 541 4112 628 4178; x_wconf 82' lang='lat' dir='ltr'><strong>Kdnig</strong></span> <span class='ocrx_word' id='word_1_278' title='bbox 646 4113 693 4164; x_wconf 85' lang='lat' dir='ltr'><strong>dar</strong></span> <span class='ocrx_word' id='word_1_279' title='bbox 711 4114 904 4181; x_wconf 77' lang='lat' dir='ltr'><strong>liuclrlosigkeit</strong></span> <span class='ocrx_word' id='word_1_280' title='bbox 922 4119 1025 4170; x_wconf 81' lang='lat' dir='ltr'><strong>selbst.“</strong></span> 
     </span>
    </p>
   </div>
   <div class='ocr_carea' id='block_1_7' title="bbox 0 0 1464 5098">
    <p class='ocr_par' dir='ltr' id='par_1_10' title="bbox 0 0 1464 5098">
     <span class='ocr_line' id='line_1_34' title="bbox 0 0 1464 5098; baseline 0 2"><span class='ocrx_word' id='word_1_281' title='bbox 0 0 1464 5098; x_wconf 95' lang='lat' dir='ltr'><strong> </strong></span> 
     </span>
    </p>
   </div>
  </div>
 </body>
</html>
