2966 5090
295 355 364 403 uu
580 371 581 376 κ
646 325 892 402 Paonnoousna.
917 319 989 399 Cas.
1007 337 1048 398 ll.

296 523 426 584 citudine
442 523 611 584 restituerat
628 522 879 600 pater,·gentinm
896 531 963 584 sese
980 519 1241 600 superstitionibus
1258 519 1401 581 audacius

296 625 393 697 dedit,
412 641 502 700 quam
519 623 600 700 quod
618 618 694 708 nllus
712 632 801 682 antea
816 641 872 682 rex
890 625 988 682 inerat
1004 641 1110 694 ausns3
1127 621 1159 680 id
1176 620 1259 698 quod
1275 640 1311 680 eo
1328 622 1401 680 iaci·

295 725 355 785 lins
372 723 569 800 perpetravit,
588 741 648 800 quo
665 723 831 784 inveterata
846 724 951 800 populi
969 725 1007 783 ad
1025 720 1227 782 idololatriam
1239 722 1403 798 propensio

297 824 426 884 Hishiae
441 823 541 883 studio
559 823 690 882 cohibita
706 824 807 900 potins
825 843 914 904 quam
931 825 1082 884 eradicata
1104 829 1183 895 erat,
1207 829 1237 880 et
1253 830 1301 880 sat
1317 822 1404 881 multi

298 925 387 984 etiam
399 923 549 996 vixerunt,
563 924 615 1000 qni
622 925 733 984 XXIX
746 925 832 986 annis
844 934 913 984 ante
924 925 1035 985 Achaei
1049 921 1273 1000 superstitiones
1286 923 1403 995 sectati,

297 1023 412 1083 libidini
438 1022 487 1081 dio
515 1025 661 1084 coercitae
690 1025 795 1103 pronis
816 1026 877 1084 iam
899 1025 1006 1085 animis
1029 1023 1225 1100 indulgerent.
1251 1024 1301 1081 Ac
1315 1022 1405 1082 aienti

298 1132 368 1200 post
384 1123 540 1192 emendata
557 1143 644 1184 saera
658 1125 797 1202 impietas
813 1126 924 1186 recenti
941 1145 1008 1185 oum
1025 1125 1137 1201 impetu
1154 1122 1232 1183 solet
1242 1123 1404 1200 refragari,
1476 1133 1477 1190 ς

297 1223 341 1281 its
356 1222 527 1283 idololatria
552 1233 581 1283 et
603 1226 735 1303 nequitia
757 1245 823 1284 cnm
840 1226 982 1285 violentia
999 1226 1095 1284 adhue
1116 1223 1253 1283 inaudita
1270 1223 1406 1300 grassari
1476 1209 1477 1288 ]

298 1322 406 1398 coepit.
431 1321 502 1381 Non
520 1324 597 1383 enim
614 1325 646 1383 in
662 1326 700 1385 iis
724 1326 984 1402 superstitionibus
1009 1325 1152 1385 faciendis
1175 1323 1323 1401 acquievit
1341 1323 1408 1382 Ma·

298 1441 403 1495 nasse,
429 1443 506 1501 quae
529 1425 658 1486 maiores
680 1427 740 1484 iam
764 1427 875 1486 dudum
898 1426 1094 1500 admiserant,
1118 1423 1408 1502 SyroePhoeniciis,

298 1523 507 1584 Ammonitiois
524 1525 709 1604 aliarumque
726 1527 855 1603 gentium
873 1527 1084 1599 accolentium,
1102 1545 1204 1586 verum
1221 1525 1310 1583 etiam
1327 1524 1409 1584 side·

299 1639 366 1682 rum
383 1624 509 1700 cultum,
528 1628 565 1686 sb
584 1627 721 1705 Assyriis
743 1627 941 1702 mutuatum¹,
966 1627 1147 1705 petulantius
1169 1625 1294 1685 Achaso
1319 1624 1410 1684 insti-

351 1832 377 1893 1)
397 1833 482 1885 Probe
505 1844 659 1888 notaverunt
681 1838 830 1888 Movnasms
852 1833 1021 1897 (Phoenizier
1042 1835 1068 1897 Ι,
1091 1853 1116 1901 p.
1130 1836 1164 1886 56
1181 1849 1215 1884 ss.
1240 1833 1291 1884 164
1307 1831 1356 1893 ss.)
1382 1839 1411 1882 et

300 1915 403 1964 Kenios
425 1914 526 1975 (comm.
542 1922 570 1967 in
587 1920 614 1967 ll.
632 1935 703 1984 regg.
721 1937 745 1984 p.
758 1923 809 1970 559
820 1923 865 1983 ss.)
888 1920 1032 1969 universnm
1055 1921 1185 1970 coelorum
1209 1918 1350 1968 exercitum
1374 1931 1414 1966 ea

301 1998 404 2048 demum
421 2005 587 2064 tempestate,
604 2017 681 2066 quam
692 2006 830 2068 Assyriam
847 2017 981 2063 vocamus,
999 2002 1144 2068 religiosius
1162 2002 1195 2050 ab
1212 2001 1338 2050 Israelitis
1356 2001 1414 2049 ooli

301 2088 419 2144 coeptum
436 2083 527 2145 fuisse;
544 2084 622 2148 idque
640 2085 674 2134 ad
691 2087 858 2148 Assyriorum
876 2087 1054 2137 commercium
1072 2099 1128 2134 esse
1145 2084 1322 2144 referendum,
1345 2084 1415 2134 inde

302 2171 421 2227 apparet,
439 2167 508 2230 qnod
520 2169 623 2232 Assyrii
634 2184 685 2218 non
698 2169 779 2218 solem
791 2176 891 2219 tantum
906 2178 931 2220 et
942 2172 1044 2230 lunam,
1062 2182 1150 2217 verum
1168 2166 1290 2215 coelestia
1300 2165 1414 2216 omnino

301 2263 409 2312 corpora
427 2249 582 2315 adorabant,
605 2254 642 2300 nti
664 2253 787 2301 traditum
810 2267 826 2302 a
842 2251 970 2302 veteribus
987 2259 1026 2302 est
1043 2259 1070 2301 et
1086 2249 1259 2300 monumentis
1276 2248 1415 2312 praeclare

301 2335 494 2398 comprobatur3
516 2322 595 2386 unde.
609 2337 688 2386 etiam
711 2343 817 2399 apparet
839 2342 935 2385 temere
952 2335 1079 2386 iudicasse
1096 2335 1261 2394 Movvnsunn,
1284 2331 1414 2395 Assyrio·

302 2432 358 2468 nnn
375 2419 527 2484 religionem
544 2421 623 2471 fuisse
640 2436 693 2472 non
710 2420 884 2470 idololatriam
902 2419 948 2470 aed
965 2435 1056 2484 parurn
1072 2419 1187 2476 sidemm
1200 2418 1313 2477 cultum,
1330 2416 1414 2468 nullis

302 2502 429 2578 hnmanae
446 2504 620 2556 similitudinis
638 2507 792 2572 imaginibus
810 2504 930 2554 admissis
946 2502 1085 2568 (1,p.6s);
1103 2503 1245 2568 permultae
1262 2501 1331 2550 enim
1346 2499 1413 2550 deo-

302 2602 359 2638 rum
376 2589 503 2652 imagines
520 2592 548 2640 in
565 2590 735 2640 marmoribus
757 2590 922 2640 inveniuntur
939 2601 1089 2651 expressam
1111 2602 1211 2648 verum,
1230 2585 1264 2634 ad
1282 2597 1411 2648 quaenam

302 2656 408 2722 numina
425 2673 541 2738 singulae
560 2675 678 2738 deinceps
696 2673 846 2722 referendae
866 2673 932 2733 sint,
956 2688 1008 2722 non
1033 2675 1103 2737 prius
1126 2671 1204 2720 statui
1225 2675 1295 2718 certo
1316 2674 1410 2732 potest,

303 2770 380 2818 qnam
397 2759 501 2821 scriptio
518 2766 628 2808 cuneata
645 2760 707 2808 satis
725 2761 760 2807 sit
777 2757 917 2807 enucleata.
937 2753 1009 2816 Quae
1027 2757 1110 2806 adhuc
1128 2757 1155 2804 in
1172 2755 1221 2804 hoc
1237 2765 1331 2816 genere
1347 2765 1409 2800 eon-

303 2840 398 2902 ecripta
414 2847 488 2900 sunt,
511 2855 544 2890 ea
560 2841 720 2891 coniiciendo
743 2841 798 2889 lere
814 2839 938 2901 indagata
962 2845 1035 2900 sunt,
1059 2846 1135 2902 atque
1158 2836 1291 2902 multiplici
1314 2836 1409 2885 disere-

303 2924 392 2984 pantia
409 2923 487 2972 etiam
510 2914 648 2987 incertio‘ts
670 2920 819 2970 redduntur.
843 2923 899 2984 (cir.
916 2923 1021 2972 Lernan
1039 2921 1154 2972 Niniveh
1171 2938 1196 2972 5.
1215 2935 1235 2970 s.
1253 2921 1409 2972 Ueherreste

303 3021 327 3066 p.
338 3006 391 3054 410
402 3019 451 3066 sn,
465 3005 590 3068 (Boron)
607 3005 664 3054 The
681 3004 771 3054 buried
788 3007 839 3069 city
858 3006 888 3055 oi
901 3006 1020 3056 theEast
1037 3021 1060 3070 p.
1075 3006 1123 3057 189
1133 3021 1182 3068 ss.;
1201 3005 1288 3056 Genea
1299 3005 1411 3067 Assyria

219 3101 231 3141 ¹.
302 3102 327 3150 p·
337 3086 369 3137 65
382 3101 432 3150 ss.;
451 3088 613 3148 Gnorsrnnn,
628 3088 729 3151 Anlage
739 3105 763 3138 u.
773 3090 930 3154 Zarstbrung
939 3091 964 3140 d.
975 3088 1100 3141 Gehaiude
1111 3105 1143 3140 aa
1154 3089 1265 3140 Nimrud
1282 3103 1306 3152 p.
1316 3090 1348 3138 27
1359 3101 1408 3150 ss.;

302 3185 353 3233 quo
370 3169 438 3220 adda
454 3170 652 3222 Rawnvusnmur
669 3173 712 3236 qui
733 3176 806 3223 varia
822 3188 902 3237 nuper
919 3174 1026 3223 deorum
1044 3176 1163 3236 nomina,
1185 3181 1261 3238 quae'
1274 3179 1410 3222 occurrant

201 3270 208 3283 ·
302 3256 331 3304 in
348 3252 570 3324 inscriptionibus„
587 3259 719 3334 proposuit
736 3259 776 3307 ine
795 3256 912 3308 Outlines
931 3259 960 3308 oi
971 3259 1098 3320 Assyrian
1108 3258 1207 3320 history
1225 3274 1250 3321 p.
1259 3257 1356 3306 XVIII
1364 3258 1409 3318 ss.)

303 3367 337 3378 -
354 3341 393 3390 At
408 3355 470 3390 vero
487 3341 548 3389 licet
564 3342 642 3390 totius
661 3341 834 3405 mythologiae
856 3343 931 3392 huius
956 3344 1023 3392 ratio
1045 3343 1108 3392 satis
1133 3342 1216 3392 adhuc
1238 3341 1347 3390 obscura
1364 3342 1409 3402 sit,

303 3431 403 3486 tmen,
427 3437 493 3488 qnae
515 3424 549 3474 ad
571 3425 738 3475 illustrandos
759 3427 786 3474 ll.
804 3441 837 3476 ss.
862 3428 1018 3491 pertineant,
1042 3432 1161 3476 accurato
1184 3431 1410 3478 monumentorum

303 3508 421 3559 examine
438 3515 465 3558 et
481 3511 673 3573 comparatione
690 3511 810 3560 videntur
826 3511 975 3575 investigari
991 3525 1076 3575 posse.
1110 3513 1150 3562 Aa
1172 3512 1282 3574 primum
1304 3509 1409 3574 quidem

303 3586 430 3642 summum
446 3607 554 3656 numen,
576 3609 639 3656 „rex
657 3596 770 3644 omnium
787 3595 893 3644 deorum
911 3595 1077 3660 magnorum“
1096 3594 1257 3658 (Rtwnmson
1272 3593 1409 3644 Commen-

303 3682 361 3738 tary
379 3690 413 3726 on
431 3679 523 3728 onneif.
541 3680 603 3730 inse.
621 3695 645 3742 p.
656 3677 712 3740 31),
735 3677 818 3730 Baal
835 3695 855 3728 s.
874 3681 970 3742 Assar,
988 3684 1085 3742 Assur,
1105 3679 1222 3732 Assarak
1238 3677 1312 3740 (ibid.
1330 3693 1355 3741 p.
1367 3677 1408 3728 26.

303 3757 422 3811 Outlines
439 3778 464 3826 p.
473 3761 578 3823 xvm)
596 3762 694 3813 duabus
713 3757 869 3826 imaginibus
887 3764 1053 3829 exprimitur;
1071 3765 1153 3814 altera
1170 3762 1290 3814 circulum
1302 3760 1409 3811 exhibet

303 3843 385 3896 tribus
402 3847 451 3896 alls
467 3853 600 3908 ornatum,
617 3848 645 3896 in
663 3863 714 3911 qno
730 3847 859 3898 humanae
876 3848 1026 3912 plerumque
1038 3849 1136 3912 figurae
1148 3861 1207 3911 pars
1220 3849 1336 3910 superior
1348 3861 1409 3898 con·

303 3925 610 3994 :prumtessima
628 3931 645 3980 1.
653 3932 675 4000 l.
692 3931 735 3996 lig.
746 3933 786 3993 79,
805 3947 828 3981 a
847 3933 872 3982 b.
890 3949 917 3996 c,
935 3934 1050 3983 eiusdem
1061 3933 1227 3984 Monuments
1246 3931 1276 3981 of
1287 3931 1409 3982 Nineveh

303 4014 355 4066 tab.
373 4013 398 4064 6.
416 4015 459 4066 25.
476 4016 518 4065 34.
535 4015 577 4065 39.
590 4017 631 4065 41.
644 4016 677 4067 53
689 4017 730 4066 all.
749 4015 849 4066 Boron
866 4017 912 4066 1.1.
931 4034 956 4081 p.
972 4016 1046 4080 253);
1062 4018 1090 4067 in
1108 4018 1223 4080 Assyriis
1242 4017 1337 4067 tabulis
1355 4033 1408 4066 non

302 4099 433 4157 invenitur
448 4100 499 4149 nisi
515 4100 626 4150 volitans
636 4098 719 4164 'super
735 4101 826 4151 arbore
839 4113 926 4162 sacra,
942 4102 1011 4152 inira
1022 4101 1261 4164 commemoranda,
1278 4103 1319 4152 vel
1331 4115 1409 4166 super

302 4195 376 4244 rege,
398 4169 474 4246 quem
491 4190 536 4234 ant
552 4186 689 4234 comitatur
705 4186 760 4234 fere
781 4187 809 4236 in
826 4186 950 4250 ‘pu-ostiis,
976 4193 1003 4236 at
1025 4202 1134 4250 quocum
1157 4201 1246 4237 omnes
1269 4193 1358 4250 gestus
1382 4193 1408 4236 et

303 4266 517 4330 manipulationes
535 4283 681 4319 communes
699 4271 765 4336 agit,
782 4276 828 4318 ant
844 4285 861 4320 a
875 4285 926 4334 qno
938 4271 1050 4335 supplice
1062 4273 1191 4322 adoratur.
1209 4272 1308 4322 Eadem
1320 4273 1407 4336 imago

303 4348 405 4401 diversa
422 4353 508 4417 paullo
527 4339 627 4404 ratione
644 4353 773 4406 delineata
790 4354 858 4418 apud
869 4357 1011 4419 Aegyptios
1024 4359 1185 4409 notissimum
1196 4363 1236 4406 ost
1248 4357 1311 4410 solis
1328 4357 1405 4406 simu·
