2918 5098
509 299 583 360 Car.
596 301 651 360 111.
671 321 700 361 v.
713 307 739 360 3.
1140 301 1184 370 91

66 491 199 563 saciant,
216 495 245 544 et
254 488 376 561 flumme
386 485 491 558 placiti,
508 487 641 561 ctfulpar
657 488 756 548 tostae
773 521 810 530 —
828 496 856 546 et
867 488 1013 546 mutiam
1030 492 1185 549 trucidato·

73 609 151 660 mm,
172 595 206 646 ‘et
221 605 326 662 muyau
343 587 590 662 commatrum
616 607 666 647 acc
682 592 749 668 finis
772 589 1018 659 retruderentur,
1043 591 1189 664 offenderat

72 695 106 748 in
127 689 310 748 cadaveribus
327 706 430 745 eorum.
448 719 485 732 -
506 687 593 752 nbtm
621 707 698 752 tara.
735 691 839 749 Mirari
866 689 960 761 subit,
992 685 1064 767 quid
1088 692 1187 766 fuerit,

73 791 161 869 qnod
177 791 209 848 in
227 799 288 848 tam
311 789 439 865 simplici
463 789 579 848 dicendi
602 809 709 868 genere
733 801 888 868 tantopere
910 790 1076 850 laborarint
1098 794 1189 852 inter·

72 901 192 968 pretes:
211 891 350 950 facillime
367 908 429 949 vox
446 891 490 950 ita
505 889 657 950 redditur:
683 911 764 968 aquea
781 893 930 952 ascarderc
941 894 1054 967 sociem
1062 913 1075 962 ,·
1099 914 1187 971 quem

73 993 171 1053 iaciat
187 992 362 1064 ascendere,
381 992 544 1069 quaeritari
561 993 613 1050 diu
630 994 751 1071 nequitc
768 1013 876 1072 equum
890 993 1043 1068 nimirum,
1063 1014 1129 1054 cum
1143 997 1188 1054 in·

72 1094 166 1154 sistat
183 1093 366 1166 calcaribus,
391 1094 566 1170 praesertim
590 1095 630 1154 ad
654 1095 797 1172 impetum
822 1096 854 1154 in
877 1095 979 1156 hoster
1002 1097 1186 1170 iaciendum

72 1196 169 1274 idque
185 1195 286 1255 neseio
303 1194 454 1271 quomodo
471 1197 605 1272 pugnare
623 1215 689 1254 cum
707 1215 787 1256 nexu
813 1197 1025 1256 sententiarum
1043 1198 1187 1258 videatur.

72 1297 186 1370 Recte,
204 1305 239 1354 ut
255 1295 342 1355 nobis
361 1295 493 1370 videtur,
516 1295 574 1354 hoc
591 1297 654 1356 fere
671 1297 762 1356 modo
778 1298 965 1375 interpretati
982 1307 1051 1358 suut
1069 1298 1187 1360 Gasar.

74 1399 170 1472 thes,
195 1398 315 1472 Maon,
345 1395 510 1471 Hostum,
540 1399 732 1475 quantumvis
755 1418 791 1458 eo
814 1399 982 1476 peccaverit
1002 1399 1187 1472 Macareus,

73 1500 159 1576 quod
191 1517 297 1576 equcm
326 1515 383 1574 pro
414 1518 490 1576 equo
522 1499 633 1558 dictum
655 1500 873 1560 existimaverit
895 1500 940 1575 (id
966 1502 1046 1577 quod
1070 1501 1187 1560 admitti

73 1601 161 1659 nullo
179 1599 269 1660 modo
288 1619 377 1678 posse
394 1601 535 1676 probavit
551 1599 739 1660 Dnt1rzscrr.
758 1601 797 1661 ad
815 1601 894 1659 Hab.
912 1619 942 1676 p.
959 1601 1019 1677 13),
1037 1609 1067 1658 et
1084 1620 1186 1661 ascen·

73 1703 150 1761 dere
165 1719 223 1778 pro
241 1682 339 1762 altum·
351 1702 459 1761 facere.
483 1702 550 1761 Iam
565 1719 637 1760 vero
656 1722 672 1761 e
689 1701 901 1779 multiplicibus
913 1700 1107 1776 interpretum
1121 1717 1188 1762 sen·

73 1803 195 1876 tentiis,
221 1821 287 1862 cum
304 1803 379 1864 satis
396 1821 507 1881 magna
523 1803 565 1861 rei
583 1821 644 1862 non
662 1804 702 1863 sit
719 1804 867 1880 gravitas,
890 1802 1049 1862 nonnullas
1073 1810 1187 1861 tautum

73 1904 308 1964 recensebimus.
337 1907 366 1982 l)
382 1903 576 1964 lutrensitiro
594 1925 682 1966 sensu
699 1893 782 1966 vocis
799 1904 952 1964 notionem
977 1914 1188 1980 expresserunt

73 2005 168 2064 LXX
186 1994 320 2078 ἱππέως
341 1993 588 2084 ἀναβαίνοντος,
603 2007 692 2084 Vulg.
706 2005 949 2080 Unaa.‚H1rz.,
964 2025 1053 2066 sensu
1067 2005 1188 2067 omnino

74 2107 199 2184 quidem
215 2116 388 2184 perspecto,
412 2109 546 2187 neglecta
568 2119 667 2168 tamen
690 2109 774 2168 verbi
796 2109 904 2167 forma.
940 2105 1021 2166 Nam
1039 2116 1117 2184 part.
1135 2105 1188 2168 Hi.

74 2217 179 2284 potest
196 2208 315 2286 quidem
332 2210 416 2269 abire
432 2211 659 2288 intpotestatem
674 2210 697 2269 f.
711 2209 791 2282 Kal,
809 2210 899 2268 modo
918 2209 1038 2268 omnino
1055 2227 1121 2268 eam
1134 2209 1188 2270 ha·

74 2311 148 2370 beat
164 2310 187 2368 f.
205 2309 329 2386 Hiphi13
346 2321 466 2372 atvero
495 2311 581 2376 abra
608 2311 719 2388 ubique
736 2309 893 2370 transitive
908 2296 1052 2368 usitatum
1069 2311 1188 2387 legitur,

75 2431 173 2489 quare
190 2411 287 2471 solum
304 2421 399 2487 part,
418 2413 475 2472 nisi
492 2423 615 2490 urgente
631 2411 823 2484 necessitate,
842 2411 881 2469 ab
898 2409 955 2468 bac
971 2410 1075 2486 regula
1088 2411 1188 2486 excipi

75 2513 190 2590 nequit
220 2513 346 2572 Rostra
367 2515 399 2572 in
422 2515 480 2573 hoc
504 2531 610 2590 genere
632 2511 723 2570 Htrz.
747 2512 875 2570 advocat
897 2510 1002 2568 leram.
1020 2509 1142 2582 XLVI,
1159 2517 1187 2583 4,

76 2614 129 2673 ubi
146 2634 229 2674 mere
244 2613 371 2674 babetur
387 2631 508 2676 [ΝΜ-ι
537 2611 602 2688 ibat,
627 2613 777 2673 ascendite
800 2612 915 2689 equites
939 2609 984 2685 (in
1010 2611 1131 2688 equos)l
1160 2621 1190 2670 et

76 2713 167 2775 Micb.
177 2716 234 2789 111,
249 2720 266 2773 7
281 2717 333 2774 ubi
345 2732 404 2776 nou
418 2718 543 2794 legimus
556 2725 634 2794 part.
652 2715 704 2774 sed
718 2721 787 2773 stat.
800 2721 910 2772 constr.
930 2727 1017 2800 ripun
1032 2711 1189 2786 responsio

77 2816 140 2890 dei3
166 2837 202 2876 ac
224 2837 261 2876 ne
286 2819 352 2894 quis
376 2837 429 2895 per
451 2819 559 2878 calami
585 2815 803 2877 aberrationem
821 2814 895 2872 Zere
920 2811 1051 2890 positum
1069 2812 1189 2872 cavillet

77 2937 133 2994 pro
153 2917 260 2995 segor,
284 2919 336 2978 Hi.
363 2940 390 2978 a.
410 2941 438 2980 v.
470 2935 532 2983 aru
562 2937 708 2996 nusquam
725 2916 921 2993 respondere,
947 2914 1000 2974 sed
1018 2913 1190 2990 opprimere

77 3020 171 3078 audit.
203 3020 234 3097 2)
251 3019 452 3080 Transitiram
471 3021 623 3082 notionem
645 3019 726 3078 haud
749 3019 843 3095 probe
867 3023 1061 3094 perceperunt
1083 3017 1116 3094 a)
1135 3017 1187 3094 qui

76 3119 177 3180 Deum
197 3129 362 3180 statuerunt
379 3141 445 3182 esse
462 3123 625 3183 subiectum
644 3121 834 3199 cogitationi,
859 3118 950 3178 veluti
973 3118 997 3176 l.
1016 3117 1056 3176 H.
1075 3118 1187 3206 Mrem:

77 3223 266 3300 „equitatum
289 3224 419 3282 bostium
442 3225 624 3284 adducturus
649 3232 694 3282 est
717 3223 833 3294 deus‚“
865 3221 932 3280 coll.
956 3220 1014 3278 Ies.
1038 3219 1129 3292 VIII,
1154 3225 1189 3292 ῖς

77 3323 134 3384 ler.
153 3323 197 3397 L,
216 3329 249 3398 93
268 3333 300 3382 at
316 3324 385 3384 licet
405 3319 469 3387 arbit
490 3325 568 3384 haud
592 3343 660 3382 raro
685 3323 721 3381 de
746 3323 883 3382 hostibus
906 3321 937 3378 in
955 3329 1063 3378 terram
1081 3319 1188 3378 irrum-

78 3425 219 3500 pentibus
237 3425 295 3484 diai
315 3426 476 3486 viderimus
495 3427 536 3486 ad
551 3426 596 3498 II,
615 3429 650 3497 2,
669 3423 743 3481 nihil
760 3431 806 3482 est
823 3432 921 3480 temen
939 3420 970 3478 in
989 3420 1189 3478 antecedenti-

79 3525 136 3588 bus
153 3535 184 3585 et
201 3528 408 3605 aequantibus,
433 3547 494 3606 quo
517 3529 553 3586 de
576 3527 631 3584 deo
656 3523 781 3582 eundem
796 3523 836 3580 in
859 3522 980 3580 modum
998 3520 1187 3596 cogitandum

79 3647 254 3686 moneamur
270 3647 305 3687 ac
321 3629 369 3702 II,
388 3636 414 3688 4.
442 3624 719 3707 b)K1uor11osall.
738 3623 887 3682 obiectum
915 3639 1072 3697 perperam
1097 3641 1188 3698 quae-

79 3732 187 3790 rebant
202 3729 234 3787 in
252 3749 302 3790 vv.
319 3748 363 3798 rar
392 3726 483 3804 nubi,
503 3728 661 3791 secundum
678 3725 803 3785 latinum
821 3741 913 3801 genus
925 3721 1041 3780 dicendi
1059 3730 1089 3779 et
1107 3755 1128 3768 ψ
1148 3732 1188 3794 et,

80 3831 148 3890 coll.
168 3829 245 3890 Gen.
263 3831 374 3905 XXII,
391 3837 409 3889 4
429 3849 495 3897 arar
518 3847 594 3894 arou
617 3863 650 3872 -
667 3829 701 3886 id
719 3829 799 3906 quod
810 3823 978 3902 comparari
992 3823 1114 3880 omnino
1128 3842 1188 3880 non

80 3952 181 4008 posse,
197 3933 249 3991 vix
262 3933 381 3993 debebit
395 3933 501 3992 notari.
530 3933 559 4009 c)
577 3931 724 3991 Restabat
741 3937 773 3988 ut
793 3926 990 4004 supplendum
1012 3923 1127 4002 aliquid
1145 3924 1188 3981 vi-

82 4034 210 4106 deretur,
230 4053 257 4090 v.
277 4053 302 4093 c.
320 4036 479 4094 ascendere
496 4034 608 4093 faciens
627 4052 680 4104 se3
699 4029 770 4108 quid
789 4049 875 4103 vere,
895 4046 1022 4106 quaeso,
1043 4045 1101 4083 non
1116 4025 1189 4084 scri·

81 4136 141 4210 psit
159 4144 243 4193 vates
266 4129 350 4211 absa?
368 4135 465 4214 MsgIs
483 4135 703 4194 commendatur
716 4134 848 4191 Ewanor
867 4128 1029 4206 disputatio
1048 4129 1077 4186 in
1095 4147 1188 4186 anno·

82 4237 246 4296 talionibus
264 4215 417 4314 eriposita:
452 4233 565 4309 ‚mltum
590 4236 706 4296 scheint
728 4234 773 4294 als
796 4231 1012 4309 kriegeriscber
1028 4229 1189 4290 Ausdruck

83 4338 136 4398 das
153 4339 315 4399 Auibeben
333 4341 386 4400 der
402 4339 536 4412 Waffen‚
564 4341 618 4398 das
643 4337 705 4398 sich
731 4355 798 4396 zum
816 4333 948 4410 Kampie
972 4332 1064 4391 bereit
1088 4331 1189 4392 balten
