<?xml version="1.0" encoding="UTF-8"?>
<!DOCTYPE html PUBLIC "-//W3C//DTD XHTML 1.0 Transitional//EN"
    "http://www.w3.org/TR/xhtml1/DTD/xhtml1-transitional.dtd">
<html xmlns="http://www.w3.org/1999/xhtml" xml:lang="en" lang="en">
 <head>
  <title>
</title>
<meta http-equiv="Content-Type" content="text/html;charset=utf-8" />
  <meta name='ocr-system' content='tesseract 3.04.00' />
  <meta name='ocr-capabilities' content='ocr_page ocr_carea ocr_par ocr_line ocrx_word'/>
</head>
<body>
  <div class='ocr_page' id='page_1' title='image "./nahumideninovat00stragoog/nahumideninovat00stragoog_0140.png"; bbox 0 0 2918 5098; ppageno 0'>
   <div class='ocr_carea' id='block_1_1' title="bbox 541 244 1204 320">
    <p class='ocr_par' dir='ltr' id='par_1_1' title="bbox 541 244 1204 320">
     <span class='ocr_line' id='line_1_1' title="bbox 541 244 1204 320; baseline 0.005 -14"><span class='ocrx_word' id='word_1_1' title='bbox 541 247 614 306; x_wconf 78' lang='lat' dir='ltr'><strong>Car.</strong></span> <span class='ocrx_word' id='word_1_2' title='bbox 629 247 674 320; x_wconf 88' lang='grc'><strong>11,</strong></span> <span class='ocrx_word' id='word_1_3' title='bbox 693 267 720 307; x_wconf 91' lang='lat' dir='ltr'><strong>v.</strong></span> <span class='ocrx_word' id='word_1_4' title='bbox 735 255 760 307; x_wconf 77' lang='grc'><strong>1.</strong></span> <span class='ocrx_word' id='word_1_5' title='bbox 1160 244 1204 318; x_wconf 82' lang='lat'><strong>51</strong></span> 
     </span>
    </p>
   </div>
   <div class='ocr_carea' id='block_1_2' title="bbox 101 429 1241 912">
    <p class='ocr_par' dir='ltr' id='par_1_2' title="bbox 101 429 1241 912">
     <span class='ocr_line' id='line_1_2' title="bbox 101 429 1207 507; baseline 0.008 -19"><span class='ocrx_word' id='word_1_6' title='bbox 101 445 196 490; x_wconf 78' lang='lat' dir='ltr'><strong>uerus</strong></span> <span class='ocrx_word' id='word_1_7' title='bbox 221 429 420 489; x_wconf 81' lang='lat' dir='ltr'><strong>sufflationem</strong></span> <span class='ocrx_word' id='word_1_8' title='bbox 441 429 622 507; x_wconf 79' lang='lat' dir='ltr'><strong>¹intelligeret</strong></span> <span class='ocrx_word' id='word_1_9' title='bbox 652 449 748 490; x_wconf 91' lang='lat' dir='ltr'><strong>novae</strong></span> <span class='ocrx_word' id='word_1_10' title='bbox 778 432 857 492; x_wconf 88' lang='lat' dir='ltr'><strong>vitae</strong></span> <span class='ocrx_word' id='word_1_11' title='bbox 881 433 999 495; x_wconf 89' lang='lat' dir='ltr'><strong>ludaeis</strong></span> <span class='ocrx_word' id='word_1_12' title='bbox 1029 436 1139 496; x_wconf 83' lang='lat' dir='ltr'><strong>factam</strong></span> <span class='ocrx_word' id='word_1_13' title='bbox 1169 439 1207 497; x_wconf 87' lang='lat' dir='ltr'><strong>ab</strong></span> 
     </span>
     <span class='ocr_line' id='line_1_3' title="bbox 101 530 1241 612; baseline 0.004 -23"><span class='ocrx_word' id='word_1_14' title='bbox 101 531 296 608; x_wconf 80' lang='lat' dir='ltr'>Assyriorum</span> <span class='ocrx_word' id='word_1_15' title='bbox 320 530 440 590; x_wconf 88' lang='lat' dir='ltr'><strong>interitu</strong></span> <span class='ocrx_word' id='word_1_16' title='bbox 453 531 470 589; x_wconf 92' lang='lat'><strong>¹.</strong></span> <span class='ocrx_word' id='word_1_17' title='bbox 517 531 567 589; x_wconf 84' lang='lat' dir='ltr'><strong>Ex</strong></span> <span class='ocrx_word' id='word_1_18' title='bbox 590 532 802 592; x_wconf 90' lang='lat' dir='ltr'><strong>recentioribus</strong></span> <span class='ocrx_word' id='word_1_19' title='bbox 830 534 1041 612; x_wconf 76' lang='lat' dir='ltr'><strong>interpretibus</strong></span> <span class='ocrx_word' id='word_1_20' title='bbox 1065 535 1241 597; x_wconf 75' lang='lat' dir='ltr'><strong>Gravius·</strong></span> 
     </span>
     <span class='ocr_line' id='line_1_4' title="bbox 102 630 1206 714; baseline 0.009 -26"><span class='ocrx_word' id='word_1_21' title='bbox 102 649 224 706; x_wconf 89' lang='lat' dir='ltr'><strong>pravam</strong></span> <span class='ocrx_word' id='word_1_22' title='bbox 241 631 318 690; x_wconf 90' lang='lat' dir='ltr'><strong>hanc</strong></span> <span class='ocrx_word' id='word_1_23' title='bbox 341 630 497 690; x_wconf 87' lang='lat' dir='ltr'><strong>lectionem</strong></span> <span class='ocrx_word' id='word_1_24' title='bbox 513 631 642 694; x_wconf 83' lang='lat' dir='ltr'><strong>retinuit.</strong></span> <span class='ocrx_word' id='word_1_25' title='bbox 679 632 794 706; x_wconf 87' lang='lat' dir='ltr'><strong>Quibus</strong></span> <span class='ocrx_word' id='word_1_26' title='bbox 817 634 876 693; x_wconf 91' lang='lat' dir='ltr'><strong>iam</strong></span> <span class='ocrx_word' id='word_1_27' title='bbox 894 636 993 696; x_wconf 89' lang='lat' dir='ltr'><strong>missis</strong></span> <span class='ocrx_word' id='word_1_28' title='bbox 1018 655 1206 714; x_wconf 80' lang='lat' dir='ltr'><strong>quaeramus,</strong></span> 
     </span>
     <span class='ocr_line' id='line_1_5' title="bbox 103 731 1206 813; baseline 0.006 -24"><span class='ocrx_word' id='word_1_29' title='bbox 103 731 238 808; x_wconf 89' lang='lat' dir='ltr'><strong>quisnam</strong></span> <span class='ocrx_word' id='word_1_30' title='bbox 264 739 423 808; x_wconf 80' lang='lat' dir='ltr'><strong>consurgat</strong></span> <span class='ocrx_word' id='word_1_31' title='bbox 447 731 486 790; x_wconf 89' lang='lat' dir='ltr'><strong>ad</strong></span> <span class='ocrx_word' id='word_1_32' title='bbox 509 731 752 810; x_wconf 78' lang='lat' dir='ltr'><strong>dispergendum,</strong></span> <span class='ocrx_word' id='word_1_33' title='bbox 775 743 805 792; x_wconf 90' lang='lat' dir='ltr'><strong>et</strong></span> <span class='ocrx_word' id='word_1_34' title='bbox 831 734 898 812; x_wconf 92' lang='lat' dir='ltr'><strong>quie</strong></span> <span class='ocrx_word' id='word_1_35' title='bbox 920 737 1134 813; x_wconf 86' lang='lat' dir='ltr'><strong>dispergendus</strong></span> <span class='ocrx_word' id='word_1_36' title='bbox 1157 738 1206 797; x_wconf 71' lang='lat' dir='ltr'><strong>sit,</strong></span> 
     </span>
     <span class='ocr_line' id='line_1_6' title="bbox 101 830 1206 912; baseline 0.007 -24"><span class='ocrx_word' id='word_1_37' title='bbox 101 831 140 889; x_wconf 79' lang='lat' dir='ltr'><strong>Et</strong></span> <span class='ocrx_word' id='word_1_38' title='bbox 161 851 228 890; x_wconf 90' lang='lat' dir='ltr'><strong>cum</strong></span> <span class='ocrx_word' id='word_1_39' title='bbox 253 830 412 891; x_wconf 87' lang='lat' dir='ltr'><strong>secundum</strong></span> <span class='ocrx_word' id='word_1_40' title='bbox 435 832 639 892; x_wconf 75' lang='lat' dir='ltr'><strong>antecedentia</strong></span> <span class='ocrx_word' id='word_1_41' title='bbox 660 832 752 892; x_wconf 90' lang='lat' dir='ltr'><strong>verba</strong></span> <span class='ocrx_word' id='word_1_42' title='bbox 769 834 962 912; x_wconf 77' lang='lat' dir='ltr'><strong>Assyriorum</strong></span> <span class='ocrx_word' id='word_1_43' title='bbox 988 836 1139 896; x_wconf 89' lang='lat' dir='ltr'><strong>interitum</strong></span> <span class='ocrx_word' id='word_1_44' title='bbox 1160 837 1206 896; x_wconf 83' lang='lat' dir='ltr'><strong>fu-</strong></span> 
     </span>
    </p>
   </div>
   <div class='ocr_carea' id='block_1_3' title="bbox 103 918 1385 1014">
    <p class='ocr_par' dir='ltr' id='par_1_3' title="bbox 103 918 1385 1014">
     <span class='ocr_line' id='line_1_7' title="bbox 103 918 1385 1014; baseline 0.008 -24"><span class='ocrx_word' id='word_1_45' title='bbox 103 931 160 991; x_wconf 89' lang='lat' dir='ltr'><strong>sius</strong></span> <span class='ocrx_word' id='word_1_46' title='bbox 189 931 371 1008; x_wconf 85' lang='lat' dir='ltr'><strong>descriptam</strong></span> <span class='ocrx_word' id='word_1_47' title='bbox 394 939 614 1008; x_wconf 83' lang='lat' dir='ltr'><strong>exspectemus,</strong></span> <span class='ocrx_word' id='word_1_48' title='bbox 641 933 787 1010; x_wconf 88' lang='lat' dir='ltr'><strong>Assyrios</strong></span> <span class='ocrx_word' id='word_1_49' title='bbox 812 955 831 993; x_wconf 90' lang='lat' dir='ltr'><strong>a</strong></span> <span class='ocrx_word' id='word_1_50' title='bbox 853 935 950 996; x_wconf 88' lang='lat' dir='ltr'><strong>Medis</strong></span> <span class='ocrx_word' id='word_1_51' title='bbox 979 945 1008 996; x_wconf 88' lang='lat' dir='ltr'><strong>et</strong></span> <span class='ocrx_word' id='word_1_52' title='bbox 1029 937 1206 1014; x_wconf 86' lang='lat' dir='ltr'><strong>Babyloniis</strong></span> <span class='ocrx_word' id='word_1_53' title='bbox 1247 918 1258 937; x_wconf 63' lang='grc'><strong>’</strong></span> <span class='ocrx_word' id='word_1_54' title='bbox 1318 938 1325 949; x_wconf 89' lang='grc'><strong>”</strong></span> <span class='ocrx_word' id='word_1_55' title='bbox 1377 944 1385 953; x_wconf 94' lang='grc'><em>“</em></span> 
     </span>
    </p>
   </div>
   <div class='ocr_carea' id='block_1_4' title="bbox 103 1031 1207 1409">
    <p class='ocr_par' dir='ltr' id='par_1_4' title="bbox 103 1031 1207 1409">
     <span class='ocr_line' id='line_1_8' title="bbox 103 1031 1207 1113; baseline 0.006 -25"><span class='ocrx_word' id='word_1_56' title='bbox 103 1031 313 1109; x_wconf 89' lang='lat' dir='ltr'><strong>dispergendos</strong></span> <span class='ocrx_word' id='word_1_57' title='bbox 330 1032 519 1109; x_wconf 87' lang='lat' dir='ltr'><strong>opinabimur</strong></span> <span class='ocrx_word' id='word_1_58' title='bbox 526 1054 535 1104; x_wconf 89' lang='lat'>;</span> <span class='ocrx_word' id='word_1_59' title='bbox 561 1032 613 1092; x_wconf 89' lang='lat' dir='ltr'><strong>sed</strong></span> <span class='ocrx_word' id='word_1_60' title='bbox 637 1049 698 1092; x_wconf 90' lang='lat' dir='ltr'><strong>non</strong></span> <span class='ocrx_word' id='word_1_61' title='bbox 720 1033 807 1109; x_wconf 90' lang='lat' dir='ltr'><strong>pauci</strong></span> <span class='ocrx_word' id='word_1_62' title='bbox 830 1034 970 1096; x_wconf 88' lang='lat' dir='ltr'><strong>iudicium</strong></span> <span class='ocrx_word' id='word_1_63' title='bbox 990 1037 1207 1113; x_wconf 87' lang='lat' dir='ltr'><strong>suspenderunt</strong></span> 
     </span>
     <span class='ocr_line' id='line_1_9' title="bbox 105 1126 1207 1210; baseline 0.006 -21"><span class='ocrx_word' id='word_1_64' title='bbox 105 1132 251 1190; x_wconf 80' lang='lat' dir='ltr'><strong>acuilixo</strong></span> <span class='ocrx_word' id='word_1_65' title='bbox 273 1126 413 1206; x_wconf 58' lang='lat' dir='ltr'><strong>quadiu,</strong></span> <span class='ocrx_word' id='word_1_66' title='bbox 439 1140 469 1190; x_wconf 93' lang='lat' dir='ltr'><strong>et</strong></span> <span class='ocrx_word' id='word_1_67' title='bbox 493 1133 633 1210; x_wconf 90' lang='lat' dir='ltr'><strong>quoniam</strong></span> <span class='ocrx_word' id='word_1_68' title='bbox 655 1133 686 1192; x_wconf 90' lang='lat' dir='ltr'><strong>iu</strong></span> <span class='ocrx_word' id='word_1_69' title='bbox 710 1154 758 1192; x_wconf 89' lang='lat' dir='ltr'><strong>vv.</strong></span> <span class='ocrx_word' id='word_1_70' title='bbox 776 1137 927 1195; x_wconf 88' lang='lat' dir='ltr'><strong>antecedd.</strong></span> <span class='ocrx_word' id='word_1_71' title='bbox 951 1138 1123 1196; x_wconf 82' lang='lat' dir='ltr'><strong>femininum</strong></span> <span class='ocrx_word' id='word_1_72' title='bbox 1145 1138 1207 1196; x_wconf 85' lang='lat' dir='ltr'><strong>fere</strong></span> 
     </span>
     <span class='ocr_line' id='line_1_10' title="bbox 104 1231 1207 1314; baseline 0.007 -24"><span class='ocrx_word' id='word_1_73' title='bbox 104 1231 242 1290; x_wconf 84' lang='lat' dir='ltr'><strong>suffixum</strong></span> <span class='ocrx_word' id='word_1_74' title='bbox 259 1231 386 1289; x_wconf 87' lang='lat' dir='ltr'><strong>refertur</strong></span> <span class='ocrx_word' id='word_1_75' title='bbox 402 1233 574 1307; x_wconf 84' lang='lat' dir='ltr'><strong>adiudam,</strong></span> <span class='ocrx_word' id='word_1_76' title='bbox 591 1233 665 1294; x_wconf 86' lang='lat' dir='ltr'><strong>haec</strong></span> <span class='ocrx_word' id='word_1_77' title='bbox 682 1253 801 1312; x_wconf 90' lang='lat' dir='ltr'><strong>quoque</strong></span> <span class='ocrx_word' id='word_1_78' title='bbox 818 1237 922 1295; x_wconf 89' lang='lat' dir='ltr'><strong>eodem</strong></span> <span class='ocrx_word' id='word_1_79' title='bbox 938 1239 1087 1314; x_wconf 90' lang='lat' dir='ltr'><strong>pertinere</strong></span> <span class='ocrx_word' id='word_1_80' title='bbox 1104 1238 1207 1298; x_wconf 88' lang='lat' dir='ltr'><strong>existi·</strong></span> 
     </span>
     <span class='ocr_line' id='line_1_11' title="bbox 105 1331 1206 1409; baseline 0.006 -19"><span class='ocrx_word' id='word_1_81' title='bbox 105 1341 216 1391; x_wconf 86' lang='lat' dir='ltr'><strong>marunt</strong></span> <span class='ocrx_word' id='word_1_82' title='bbox 232 1333 313 1403; x_wconf 77' lang='lat' dir='ltr'><strong>Ion,</strong></span> <span class='ocrx_word' id='word_1_83' title='bbox 330 1331 457 1405; x_wconf 76' lang='lat' dir='ltr'><strong>Essem,</strong></span> <span class='ocrx_word' id='word_1_84' title='bbox 475 1331 605 1405; x_wconf 74' lang='lat' dir='ltr'><strong>Krene,</strong></span> <span class='ocrx_word' id='word_1_85' title='bbox 625 1336 756 1408; x_wconf 70' lang='lat' dir='ltr'><strong>Anam,</strong></span> <span class='ocrx_word' id='word_1_86' title='bbox 774 1335 879 1409; x_wconf 74' lang='lat' dir='ltr'><strong>Mrem,</strong></span> <span class='ocrx_word' id='word_1_87' title='bbox 897 1335 1044 1398; x_wconf 74' lang='lat' dir='ltr'><strong>Hostum.</strong></span> <span class='ocrx_word' id='word_1_88' title='bbox 1075 1340 1119 1398; x_wconf 86' lang='lat' dir='ltr'><strong>At</strong></span> <span class='ocrx_word' id='word_1_89' title='bbox 1135 1357 1206 1397; x_wconf 88' lang='lat' dir='ltr'><strong>vero</strong></span> 
     </span>
    </p>
   </div>
   <div class='ocr_carea' id='block_1_5' title="bbox 102 1431 1322 1519">
    <p class='ocr_par' dir='ltr' id='par_1_5' title="bbox 102 1431 1322 1519">
     <span class='ocr_line' id='line_1_12' title="bbox 102 1431 1322 1519; baseline 0.007 -30"><span class='ocrx_word' id='word_1_90' title='bbox 102 1431 179 1490; x_wconf 90' lang='lat' dir='ltr'><strong>illam</strong></span> <span class='ocrx_word' id='word_1_91' title='bbox 202 1433 338 1510; x_wconf 87' lang='lat' dir='ltr'><strong>regulam</strong></span> <span class='ocrx_word' id='word_1_92' title='bbox 361 1451 421 1491; x_wconf 91' lang='lat' dir='ltr'><strong>non</strong></span> <span class='ocrx_word' id='word_1_93' title='bbox 438 1441 499 1492; x_wconf 92' lang='lat' dir='ltr'><strong>tam</strong></span> <span class='ocrx_word' id='word_1_94' title='bbox 517 1451 618 1493; x_wconf 89' lang='lat' dir='ltr'><strong>severe</strong></span> <span class='ocrx_word' id='word_1_95' title='bbox 635 1435 790 1494; x_wconf 88' lang='lat' dir='ltr'><strong>observari</strong></span> <span class='ocrx_word' id='word_1_96' title='bbox 813 1436 911 1512; x_wconf 89' lang='lat' dir='ltr'><strong>ipsum</strong></span> <span class='ocrx_word' id='word_1_97' title='bbox 937 1438 1023 1496; x_wconf 89' lang='lat' dir='ltr'><strong>docet</strong></span> <span class='ocrx_word' id='word_1_98' title='bbox 1039 1448 1129 1515; x_wconf 89' lang='lat' dir='ltr'><strong>eaput</strong></span> <span class='ocrx_word' id='word_1_99' title='bbox 1145 1439 1207 1514; x_wconf 87' lang='lat' dir='ltr'><strong>pri-</strong></span> <span class='ocrx_word' id='word_1_100' title='bbox 1316 1509 1322 1519; x_wconf 34' lang='lat'>¹</span> 
     </span>
    </p>
   </div>
   <div class='ocr_carea' id='block_1_6' title="bbox 105 1533 1207 1621">
    <p class='ocr_par' dir='ltr' id='par_1_6' title="bbox 105 1533 1207 1621">
     <span class='ocr_line' id='line_1_13' title="bbox 105 1533 1207 1621; baseline 0.008 -32"><span class='ocrx_word' id='word_1_101' title='bbox 105 1551 179 1591; x_wconf 91' lang='lat' dir='ltr'><strong>mum</strong></span> <span class='ocrx_word' id='word_1_102' title='bbox 195 1533 266 1610; x_wconf 88' lang='lat' dir='ltr'><strong>(cfr.</strong></span> <span class='ocrx_word' id='word_1_103' title='bbox 283 1553 312 1591; x_wconf 86' lang='lat' dir='ltr'><strong>v.</strong></span> <span class='ocrx_word' id='word_1_104' title='bbox 326 1533 371 1610; x_wconf 89' lang='lat'><strong>8),</strong></span> <span class='ocrx_word' id='word_1_105' title='bbox 390 1540 420 1592; x_wconf 89' lang='lat' dir='ltr'><strong>et</strong></span> <span class='ocrx_word' id='word_1_106' title='bbox 436 1533 467 1591; x_wconf 92' lang='lat' dir='ltr'><strong>in</strong></span> <span class='ocrx_word' id='word_1_107' title='bbox 485 1552 572 1593; x_wconf 90' lang='lat' dir='ltr'><strong>versu</strong></span> <span class='ocrx_word' id='word_1_108' title='bbox 590 1543 692 1594; x_wconf 90' lang='lat' dir='ltr'><strong>nostro</strong></span> <span class='ocrx_word' id='word_1_109' title='bbox 711 1533 891 1621; x_wconf 83' lang='lat' dir='ltr'><strong>masculinae</strong></span> <span class='ocrx_word' id='word_1_110' title='bbox 908 1537 1075 1613; x_wconf 80' lang='lat' dir='ltr'><strong>imperativi</strong></span> <span class='ocrx_word' id='word_1_111' title='bbox 1092 1538 1207 1598; x_wconf 78' lang='lat' dir='ltr'><strong>formae</strong></span> 
     </span>
    </p>
   </div>
   <div class='ocr_carea' id='block_1_7' title="bbox 104 1634 1386 1712">
    <p class='ocr_par' dir='ltr' id='par_1_7' title="bbox 104 1634 1386 1712">
     <span class='ocr_line' id='line_1_14' title="bbox 104 1634 1386 1712; baseline 0.005 -22"><span class='ocrx_word' id='word_1_112' title='bbox 104 1645 277 1709; x_wconf 84' lang='lat' dir='ltr'><strong>sequuntur3</strong></span> <span class='ocrx_word' id='word_1_113' title='bbox 308 1651 403 1710; x_wconf 89' lang='lat' dir='ltr'><strong>neque</strong></span> <span class='ocrx_word' id='word_1_114' title='bbox 426 1643 488 1706; x_wconf 88' lang='lat' dir='ltr'><strong>est,</strong></span> <span class='ocrx_word' id='word_1_115' title='bbox 518 1634 730 1711; x_wconf 85' lang='lat' dir='ltr'><strong>quodH1rz.,</strong></span> <span class='ocrx_word' id='word_1_116' title='bbox 760 1635 855 1707; x_wconf 83' lang='lat' dir='ltr'><strong>Ew.,·</strong></span> <span class='ocrx_word' id='word_1_117' title='bbox 876 1636 941 1694; x_wconf 88' lang='lat' dir='ltr'><strong>iure</strong></span> <span class='ocrx_word' id='word_1_118' title='bbox 967 1637 1206 1712; x_wconf 80' lang='lat' dir='ltr'><strong>improbantibus</strong></span> <span class='ocrx_word' id='word_1_119' title='bbox 1304 1682 1311 1695; x_wconf 94' lang='lat'><strong>.</strong></span> <span class='ocrx_word' id='word_1_120' title='bbox 1380 1683 1386 1696; x_wconf 92' lang='lat'><strong>.</strong></span> 
     </span>
    </p>
   </div>
   <div class='ocr_carea' id='block_1_8' title="bbox 105 1730 1213 3918">
    <p class='ocr_par' dir='ltr' id='par_1_8' title="bbox 105 1730 1210 3517">
     <span class='ocr_line' id='line_1_15' title="bbox 105 1730 1208 1820; baseline 0.007 -30"><span class='ocrx_word' id='word_1_121' title='bbox 105 1730 217 1806; x_wconf 75' lang='lat' dir='ltr'><strong>Uarum,</strong></span> <span class='ocrx_word' id='word_1_122' title='bbox 233 1733 360 1806; x_wconf 74' lang='lat' dir='ltr'><strong>Maca,</strong></span> <span class='ocrx_word' id='word_1_123' title='bbox 378 1734 562 1794; x_wconf 85' lang='lat' dir='ltr'><strong>correxerint</strong></span> <span class='ocrx_word' id='word_1_124' title='bbox 582 1749 662 1820; x_wconf 60' lang='lat' dir='ltr'><strong>quoq.</strong></span> <span class='ocrx_word' id='word_1_125' title='bbox 705 1735 770 1793; x_wconf 86' lang='lat' dir='ltr'><strong>Iam</strong></span> <span class='ocrx_word' id='word_1_126' title='bbox 793 1735 844 1813; x_wconf 87' lang='lat' dir='ltr'><strong>qui</strong></span> <span class='ocrx_word' id='word_1_127' title='bbox 860 1734 987 1795; x_wconf 91' lang='lat' dir='ltr'><strong>Iudaeos</strong></span> <span class='ocrx_word' id='word_1_128' title='bbox 1012 1736 1208 1812; x_wconf 80' lang='lat' dir='ltr'><strong>compellatus</strong></span> 
     </span>
     <span class='ocr_line' id='line_1_16' title="bbox 105 1814 1205 1911; baseline 0.005 -21"><span class='ocrx_word' id='word_1_129' title='bbox 105 1831 282 1910; x_wconf 88' lang='lat' dir='ltr'><strong>intelligunt,</strong></span> <span class='ocrx_word' id='word_1_130' title='bbox 301 1841 353 1892; x_wconf 91' lang='lat' dir='ltr'><strong>aut</strong></span> <span class='ocrx_word' id='word_1_131' title='bbox 363 1833 562 1911; x_wconf 87' lang='lat' dir='ltr'><strong>Assyrium</strong></span> <span class='ocrx_word' id='word_1_132' title='bbox 579 1814 786 1894; x_wconf 79' lang='lat' dir='ltr'><strong>ascendentem</strong></span> <span class='ocrx_word' id='word_1_133' title='bbox 802 1835 916 1894; x_wconf 78' lang='lat' dir='ltr'><strong>famant</strong></span> <span class='ocrx_word' id='word_1_134' title='bbox 928 1836 1076 1909; x_wconf 73' lang='lat' dir='ltr'><strong>Vernae,</strong></span> <span class='ocrx_word' id='word_1_135' title='bbox 1092 1829 1205 1910; x_wconf 73' lang='lat' dir='ltr'><strong>Boas„</strong></span> 
     </span>
     <span class='ocr_line' id='line_1_17' title="bbox 105 1931 1205 2012; baseline 0.009 -25"><span class='ocrx_word' id='word_1_136' title='bbox 105 1931 131 1988; x_wconf 91' lang='lat' dir='ltr'><strong>id</strong></span> <span class='ocrx_word' id='word_1_137' title='bbox 147 1935 226 2012; x_wconf 91' lang='lat' dir='ltr'><strong>quod</strong></span> <span class='ocrx_word' id='word_1_138' title='bbox 245 1933 399 1992; x_wconf 89' lang='lat' dir='ltr'><strong>concinere</strong></span> <span class='ocrx_word' id='word_1_139' title='bbox 416 1935 518 2012; x_wconf 82' lang='lat' dir='ltr'><strong>nequit</strong></span> <span class='ocrx_word' id='word_1_140' title='bbox 536 1953 602 1993; x_wconf 89' lang='lat' dir='ltr'><strong>cum</strong></span> <span class='ocrx_word' id='word_1_141' title='bbox 619 1954 647 1992; x_wconf 90' lang='lat' dir='ltr'><strong>v.</strong></span> <span class='ocrx_word' id='word_1_142' title='bbox 664 1939 694 2006; x_wconf 89' lang='lat' dir='ltr'><strong>l;</strong></span> <span class='ocrx_word' id='word_1_143' title='bbox 713 1935 764 1993; x_wconf 86' lang='lat' dir='ltr'><strong>alii</strong></span> <span class='ocrx_word' id='word_1_144' title='bbox 781 1931 1143 1996; x_wconf 83' lang='lat' dir='ltr'><strong>Nebucadnezarem</strong></span> <span class='ocrx_word' id='word_1_145' title='bbox 1162 1937 1205 1996; x_wconf 88' lang='lat' dir='ltr'><strong>vi·</strong></span> 
     </span>
     <span class='ocr_line' id='line_1_18' title="bbox 106 2032 1205 2114; baseline 0.007 -26"><span class='ocrx_word' id='word_1_146' title='bbox 106 2032 182 2106; x_wconf 91' lang='lat' dir='ltr'><strong>dent,</strong></span> <span class='ocrx_word' id='word_1_147' title='bbox 200 2033 356 2105; x_wconf 69' lang='lat' dir='ltr'><strong>lamma,</strong></span> <span class='ocrx_word' id='word_1_148' title='bbox 375 2036 508 2107; x_wconf 77' lang='lat' dir='ltr'><strong>Aaaaa,</strong></span> <span class='ocrx_word' id='word_1_149' title='bbox 526 2033 640 2106; x_wconf 79' lang='lat' dir='ltr'><strong>Duos,</strong></span> <span class='ocrx_word' id='word_1_150' title='bbox 660 2033 770 2108; x_wconf 80' lang='lat' dir='ltr'><strong>Oauv.;</strong></span> <span class='ocrx_word' id='word_1_151' title='bbox 788 2044 821 2095; x_wconf 84' lang='lat' dir='ltr'><strong>at</strong></span> <span class='ocrx_word' id='word_1_152' title='bbox 838 2036 910 2114; x_wconf 90' lang='lat' dir='ltr'><strong>quid</strong></span> <span class='ocrx_word' id='word_1_153' title='bbox 927 2036 1205 2114; x_wconf 86' lang='lat' dir='ltr'><strong>Hierosolymorum</strong></span> 
     </span>
     <span class='ocr_line' id='line_1_19' title="bbox 106 2134 1205 2216; baseline 0.007 -28"><span class='ocrx_word' id='word_1_154' title='bbox 106 2134 230 2208; x_wconf 81' lang='lat' dir='ltr'><strong>eversio,</strong></span> <span class='ocrx_word' id='word_1_155' title='bbox 259 2135 310 2194; x_wconf 92' lang='lat' dir='ltr'><strong>ubi</strong></span> <span class='ocrx_word' id='word_1_156' title='bbox 332 2135 369 2200; x_wconf 82' lang='lat' dir='ltr'><strong>de</strong></span> <span class='ocrx_word' id='word_1_157' title='bbox 389 2135 577 2194; x_wconf 86' lang='lat' dir='ltr'><strong>restituendis</strong></span> <span class='ocrx_word' id='word_1_158' title='bbox 599 2135 698 2211; x_wconf 90' lang='lat' dir='ltr'><strong>agitur</strong></span> <span class='ocrx_word' id='word_1_159' title='bbox 713 2134 853 2197; x_wconf 80' lang='lat' dir='ltr'><strong>ludaeis?</strong></span> <span class='ocrx_word' id='word_1_160' title='bbox 887 2135 1025 2216; x_wconf 89' lang='lat' dir='ltr'><strong>Denique</strong></span> <span class='ocrx_word' id='word_1_161' title='bbox 1046 2139 1071 2197; x_wconf 93' lang='lat'><strong>1.</strong></span> <span class='ocrx_word' id='word_1_162' title='bbox 1089 2137 1129 2196; x_wconf 90' lang='lat' dir='ltr'><strong>H.</strong></span> <span class='ocrx_word' id='word_1_163' title='bbox 1148 2137 1205 2196; x_wconf 82' lang='lat' dir='ltr'><strong>Mr-</strong></span> 
     </span>
     <span class='ocr_line' id='line_1_20' title="bbox 106 2233 1205 2315; baseline 0.006 -26"><span class='ocrx_word' id='word_1_164' title='bbox 106 2249 228 2294; x_wconf 77' lang='lat' dir='ltr'><strong>calama</strong></span> <span class='ocrx_word' id='word_1_165' title='bbox 254 2235 291 2294; x_wconf 87' lang='lat' dir='ltr'><strong>de</strong></span> <span class='ocrx_word' id='word_1_166' title='bbox 308 2233 428 2294; x_wconf 82' lang='lat' dir='ltr'><strong>Chr-isto</strong></span> <span class='ocrx_word' id='word_1_167' title='bbox 455 2243 525 2294; x_wconf 92' lang='lat' dir='ltr'><strong>aute</strong></span> <span class='ocrx_word' id='word_1_168' title='bbox 548 2236 654 2294; x_wconf 77' lang='lat' dir='ltr'><strong>faciem</strong></span> <span class='ocrx_word' id='word_1_169' title='bbox 676 2235 768 2296; x_wconf 88' lang='lat' dir='ltr'><strong>Iudae</strong></span> <span class='ocrx_word' id='word_1_170' title='bbox 792 2237 855 2296; x_wconf 91' lang='lat' dir='ltr'><strong>sive</strong></span> <span class='ocrx_word' id='word_1_171' title='bbox 871 2237 1038 2310; x_wconf 83' lang='lat' dir='ltr'><strong>Ecclesiae,</strong></span> <span class='ocrx_word' id='word_1_172' title='bbox 1063 2245 1205 2315; x_wconf 86' lang='lat' dir='ltr'><strong>tanquam</strong></span> 
     </span>
     <span class='ocr_line' id='line_1_21' title="bbox 107 2319 1206 2415; baseline 0.006 -25"><span class='ocrx_word' id='word_1_173' title='bbox 107 2319 253 2394; x_wconf 83' lang='lat' dir='ltr'><strong>adsertore</strong></span> <span class='ocrx_word' id='word_1_174' title='bbox 269 2354 306 2393; x_wconf 89' lang='lat' dir='ltr'><strong>ao</strong></span> <span class='ocrx_word' id='word_1_175' title='bbox 321 2335 438 2394; x_wconf 86' lang='lat' dir='ltr'><strong>vindice</strong></span> <span class='ocrx_word' id='word_1_176' title='bbox 453 2336 628 2396; x_wconf 86' lang='lat' dir='ltr'><strong>ascendente</strong></span> <span class='ocrx_word' id='word_1_177' title='bbox 645 2335 782 2408; x_wconf 88' lang='lat' dir='ltr'><strong>cavillat,</strong></span> <span class='ocrx_word' id='word_1_178' title='bbox 805 2336 875 2394; x_wconf 85' lang='lat' dir='ltr'><strong>coll.</strong></span> <span class='ocrx_word' id='word_1_179' title='bbox 893 2337 982 2396; x_wconf 90' lang='lat' dir='ltr'><strong>Mich.</strong></span> <span class='ocrx_word' id='word_1_180' title='bbox 996 2338 1043 2410; x_wconf 90' lang='lat'><strong>11,</strong></span> <span class='ocrx_word' id='word_1_181' title='bbox 1063 2342 1110 2410; x_wconf 88' lang='lat'><strong>13,</strong></span> <span class='ocrx_word' id='word_1_182' title='bbox 1137 2337 1206 2415; x_wconf 87' lang='lat' dir='ltr'><strong>Sy·</strong></span> 
     </span>
     <span class='ocr_line' id='line_1_22' title="bbox 108 2431 1208 2513; baseline 0.005 -25"><span class='ocrx_word' id='word_1_183' title='bbox 108 2434 252 2496; x_wconf 89' lang='lat' dir='ltr'><strong>riacam.</strong></span> <span class='ocrx_word' id='word_1_184' title='bbox 268 2444 385 2496; x_wconf 89' lang='lat' dir='ltr'><strong>secutus</strong></span> <span class='ocrx_word' id='word_1_185' title='bbox 409 2437 592 2508; x_wconf 85' lang='lat' dir='ltr'><strong>versionem,</strong></span> <span class='ocrx_word' id='word_1_186' title='bbox 622 2453 699 2513; x_wconf 87' lang='lat' dir='ltr'><strong>quae</strong></span> <span class='ocrx_word' id='word_1_187' title='bbox 721 2435 764 2494; x_wconf 84' lang='lat' dir='ltr'><strong>sia</strong></span> <span class='ocrx_word' id='word_1_188' title='bbox 790 2436 852 2494; x_wconf 86' lang='lat' dir='ltr'><strong>fere</strong></span> <span class='ocrx_word' id='word_1_189' title='bbox 876 2431 1011 2496; x_wconf 87' lang='lat' dir='ltr'><strong>exbibet:</strong></span> <span class='ocrx_word' id='word_1_190' title='bbox 1045 2438 1208 2508; x_wconf 86' lang='lat' dir='ltr'><strong>„ascendit</strong></span> 
     </span>
     <span class='ocr_line' id='line_1_23' title="bbox 109 2524 1206 2618; baseline 0.004 -28"><span class='ocrx_word' id='word_1_191' title='bbox 109 2524 203 2594; x_wconf 87' lang='lat' dir='ltr'><strong>ductor</strong></span> <span class='ocrx_word' id='word_1_192' title='bbox 218 2527 391 2618; x_wconf 54' lang='lat' dir='ltr'><strong>(luppo)</strong></span> <span class='ocrx_word' id='word_1_193' title='bbox 408 2545 476 2596; x_wconf 89' lang='lat' dir='ltr'><strong>ante</strong></span> <span class='ocrx_word' id='word_1_194' title='bbox 494 2545 538 2607; x_wconf 90' lang='lat' dir='ltr'><strong>te,</strong></span> <span class='ocrx_word' id='word_1_195' title='bbox 557 2543 586 2594; x_wconf 88' lang='lat' dir='ltr'><strong>et</strong></span> <span class='ocrx_word' id='word_1_196' title='bbox 603 2535 794 2593; x_wconf 83' lang='lat' dir='ltr'><strong>excubiarum</strong></span> <span class='ocrx_word' id='word_1_197' title='bbox 812 2535 984 2608; x_wconf 84' lang='lat' dir='ltr'><strong>excubitor,</strong></span> <span class='ocrx_word' id='word_1_198' title='bbox 1010 2544 1039 2594; x_wconf 93' lang='lat' dir='ltr'><strong>et</strong></span> <span class='ocrx_word' id='word_1_199' title='bbox 1056 2535 1122 2594; x_wconf 89' lang='lat' dir='ltr'><strong>viae</strong></span> <span class='ocrx_word' id='word_1_200' title='bbox 1139 2555 1206 2612; x_wconf 90' lang='lat' dir='ltr'><strong>spe-</strong></span> 
     </span>
     <span class='ocr_line' id='line_1_24' title="bbox 110 2634 1205 2712; baseline 0.003 -21"><span class='ocrx_word' id='word_1_201' title='bbox 110 2634 227 2712; x_wconf 87' lang='lat' dir='ltr'><strong>culator,</strong></span> <span class='ocrx_word' id='word_1_202' title='bbox 255 2646 284 2696; x_wconf 92' lang='lat' dir='ltr'><strong>et</strong></span> <span class='ocrx_word' id='word_1_203' title='bbox 301 2643 484 2699; x_wconf 77' lang='lat' dir='ltr'><strong>statentator</strong></span> <span class='ocrx_word' id='word_1_204' title='bbox 507 2636 689 2707; x_wconf 89' lang='lat' dir='ltr'><strong>lumborum,</strong></span> <span class='ocrx_word' id='word_1_205' title='bbox 712 2643 743 2694; x_wconf 90' lang='lat' dir='ltr'><strong>et</strong></span> <span class='ocrx_word' id='word_1_206' title='bbox 760 2634 974 2694; x_wconf 87' lang='lat' dir='ltr'><strong>validissimum</strong></span> <span class='ocrx_word' id='word_1_207' title='bbox 991 2635 1083 2693; x_wconf 87' lang='lat' dir='ltr'><strong>robur</strong></span> <span class='ocrx_word' id='word_1_208' title='bbox 1100 2636 1205 2707; x_wconf 85' lang='lat' dir='ltr'><strong>eius;“</strong></span> 
     </span>
     <span class='ocr_line' id='line_1_25' title="bbox 112 2733 1206 2816; baseline 0.005 -28"><span class='ocrx_word' id='word_1_209' title='bbox 112 2751 199 2796; x_wconf 90' lang='lat' dir='ltr'><strong>verum</strong></span> <span class='ocrx_word' id='word_1_210' title='bbox 223 2739 376 2814; x_wconf 81' lang='lat' dir='ltr'><strong>enimvero</strong></span> <span class='ocrx_word' id='word_1_211' title='bbox 398 2733 522 2816; x_wconf 73' lang='lat' dir='ltr'><strong>quo·er</strong></span> <span class='ocrx_word' id='word_1_212' title='bbox 544 2737 635 2796; x_wconf 89' lang='lat' dir='ltr'><strong>babet</strong></span> <span class='ocrx_word' id='word_1_213' title='bbox 650 2735 829 2814; x_wconf 65' lang='lat' dir='ltr'><strong>‘plerumque</strong></span> <span class='ocrx_word' id='word_1_214' title='bbox 857 2735 965 2795; x_wconf 89' lang='lat' dir='ltr'><strong>hostile</strong></span> <span class='ocrx_word' id='word_1_215' title='bbox 990 2735 1121 2812; x_wconf 87' lang='lat' dir='ltr'><strong>aliquid,</strong></span> <span class='ocrx_word' id='word_1_216' title='bbox 1152 2735 1206 2794; x_wconf 80' lang='lat' dir='ltr'><strong>cfr.</strong></span> 
     </span>
     <span class='ocr_line' id='line_1_26' title="bbox 111 2830 1206 2916; baseline 0.003 -25"><span class='ocrx_word' id='word_1_217' title='bbox 111 2830 215 2898; x_wconf 75' lang='lat' dir='ltr'><strong>(issar.</strong></span> <span class='ocrx_word' id='word_1_218' title='bbox 237 2840 313 2898; x_wconf 90' lang='lat' dir='ltr'><strong>thes.</strong></span> <span class='ocrx_word' id='word_1_219' title='bbox 330 2855 361 2916; x_wconf 84' lang='lat' dir='ltr'><strong>p.</strong></span> <span class='ocrx_word' id='word_1_220' title='bbox 378 2841 457 2909; x_wconf 79' lang='lat' dir='ltr'><strong>lota,</strong></span> <span class='ocrx_word' id='word_1_221' title='bbox 477 2856 533 2896; x_wconf 88' lang='lat' dir='ltr'><strong>nee</strong></span> <span class='ocrx_word' id='word_1_222' title='bbox 546 2837 633 2896; x_wconf 90' lang='lat' dir='ltr'><strong>unius</strong></span> <span class='ocrx_word' id='word_1_223' title='bbox 650 2835 709 2895; x_wconf 88' lang='lat' dir='ltr'><strong>loci</strong></span> <span class='ocrx_word' id='word_1_224' title='bbox 727 2836 893 2912; x_wconf 85' lang='lat' dir='ltr'><strong>excipiendi</strong></span> <span class='ocrx_word' id='word_1_225' title='bbox 911 2835 989 2896; x_wconf 87' lang='lat' dir='ltr'><strong>Gen.</strong></span> <span class='ocrx_word' id='word_1_226' title='bbox 1004 2836 1145 2909; x_wconf 87' lang='lat' dir='ltr'><strong>XXXII,</strong></span> <span class='ocrx_word' id='word_1_227' title='bbox 1163 2841 1206 2894; x_wconf 76' lang='lat'><strong>21.</strong></span> 
     </span>
     <span class='ocr_line' id='line_1_27' title="bbox 110 2935 1208 3014; baseline -0.002 -18"><span class='ocrx_word' id='word_1_228' title='bbox 110 2935 138 2990; x_wconf 74' lang='lat'><strong>22</strong></span> <span class='ocrx_word' id='word_1_229' title='bbox 153 2943 267 2998; x_wconf 88' lang='lat' dir='ltr'><strong>tantum</strong></span> <span class='ocrx_word' id='word_1_230' title='bbox 283 2938 400 3014; x_wconf 91' lang='lat' dir='ltr'><strong>pondus</strong></span> <span class='ocrx_word' id='word_1_231' title='bbox 418 2945 477 3009; x_wconf 81' lang='lat' dir='ltr'><strong>est3</strong></span> <span class='ocrx_word' id='word_1_232' title='bbox 495 2945 528 2995; x_wconf 91' lang='lat' dir='ltr'><strong>ut</strong></span> <span class='ocrx_word' id='word_1_233' title='bbox 545 2937 732 3014; x_wconf 85' lang='lat' dir='ltr'><strong>omittamus,</strong></span> <span class='ocrx_word' id='word_1_234' title='bbox 750 2937 877 2998; x_wconf 87' lang='lat' dir='ltr'><strong>Moesiae</strong></span> <span class='ocrx_word' id='word_1_235' title='bbox 894 2937 1075 3014; x_wconf 88' lang='lat' dir='ltr'><strong>cogitatione</strong></span> <span class='ocrx_word' id='word_1_236' title='bbox 1091 2945 1208 2997; x_wconf 91' lang='lat' dir='ltr'><strong>senten·</strong></span> 
     </span>
     <span class='ocr_line' id='line_1_28' title="bbox 111 3032 1208 3116; baseline 0.006 -25"><span class='ocrx_word' id='word_1_237' title='bbox 111 3032 208 3096; x_wconf 80' lang='lat' dir='ltr'><strong>darum</strong></span> <span class='ocrx_word' id='word_1_238' title='bbox 241 3039 375 3096; x_wconf 90' lang='lat' dir='ltr'><strong>ordinem</strong></span> <span class='ocrx_word' id='word_1_239' title='bbox 397 3055 577 3114; x_wconf 79' lang='lat' dir='ltr'><strong>magnopere</strong></span> <span class='ocrx_word' id='word_1_240' title='bbox 602 3039 725 3098; x_wconf 89' lang='lat' dir='ltr'><strong>turbari.</strong></span> <span class='ocrx_word' id='word_1_241' title='bbox 751 3071 788 3082; x_wconf 90' lang='lat'><strong>·-</strong></span> <span class='ocrx_word' id='word_1_242' title='bbox 822 3038 1022 3098; x_wconf 85' lang='lat' dir='ltr'><strong>Referendum</strong></span> <span class='ocrx_word' id='word_1_243' title='bbox 1046 3057 1117 3116; x_wconf 87' lang='lat' dir='ltr'><strong>ergo</strong></span> <span class='ocrx_word' id='word_1_244' title='bbox 1147 3039 1208 3098; x_wconf 84' lang='lat' dir='ltr'><strong>sul·</strong></span> 
     </span>
     <span class='ocr_line' id='line_1_29' title="bbox 110 3133 1210 3217; baseline 0.005 -25"><span class='ocrx_word' id='word_1_245' title='bbox 110 3133 193 3197; x_wconf 87' lang='lat' dir='ltr'><strong>fixum</strong></span> <span class='ocrx_word' id='word_1_246' title='bbox 210 3139 252 3198; x_wconf 89' lang='lat' dir='ltr'><strong>ad</strong></span> <span class='ocrx_word' id='word_1_247' title='bbox 268 3137 379 3198; x_wconf 84' lang='lat' dir='ltr'><strong>Ninum</strong></span> <span class='ocrx_word' id='word_1_248' title='bbox 397 3138 616 3211; x_wconf 85' lang='lat' dir='ltr'><strong>existimamus,</strong></span> <span class='ocrx_word' id='word_1_249' title='bbox 635 3149 665 3197; x_wconf 88' lang='lat' dir='ltr'><strong>et</strong></span> <span class='ocrx_word' id='word_1_250' title='bbox 681 3139 865 3216; x_wconf 89' lang='lat' dir='ltr'><strong>imperativis</strong></span> <span class='ocrx_word' id='word_1_251' title='bbox 883 3159 968 3217; x_wconf 86' lang='lat' dir='ltr'><strong>seqq.</strong></span> <span class='ocrx_word' id='word_1_252' title='bbox 986 3139 1133 3216; x_wconf 89' lang='lat' dir='ltr'><strong>appellari</strong></span> <span class='ocrx_word' id='word_1_253' title='bbox 1149 3141 1210 3198; x_wconf 87' lang='lat' dir='ltr'><strong>As-</strong></span> 
     </span>
     <span class='ocr_line' id='line_1_30' title="bbox 112 3237 1210 3315; baseline 0.005 -25"><span class='ocrx_word' id='word_1_254' title='bbox 112 3237 230 3314; x_wconf 89' lang='lat' dir='ltr'><strong>syrium,</strong></span> <span class='ocrx_word' id='word_1_255' title='bbox 255 3239 464 3315; x_wconf 87' lang='lat' dir='ltr'><strong>dissipatorem</strong></span> <span class='ocrx_word' id='word_1_256' title='bbox 480 3250 579 3298; x_wconf 87' lang='lat' dir='ltr'><strong>autern</strong></span> <span class='ocrx_word' id='word_1_257' title='bbox 596 3257 662 3301; x_wconf 84' lang='lat' dir='ltr'><strong>esse</strong></span> <span class='ocrx_word' id='word_1_258' title='bbox 678 3259 731 3297; x_wconf 88' lang='lat' dir='ltr'><strong>nec</strong></span> <span class='ocrx_word' id='word_1_259' title='bbox 748 3239 852 3298; x_wconf 87' lang='lat' dir='ltr'><strong>Medos</strong></span> <span class='ocrx_word' id='word_1_260' title='bbox 875 3240 957 3298; x_wconf 89' lang='lat' dir='ltr'><strong>soloe</strong></span> <span class='ocrx_word' id='word_1_261' title='bbox 975 3237 1022 3297; x_wconf 89' lang='lat' dir='ltr'><strong>vel</strong></span> <span class='ocrx_word' id='word_1_262' title='bbox 1041 3237 1210 3315; x_wconf 84' lang='lat' dir='ltr'><strong>Cyaxarem</strong></span> 
     </span>
     <span class='ocr_line' id='line_1_31' title="bbox 111 3333 1210 3417; baseline 0.006 -25"><span class='ocrx_word' id='word_1_263' title='bbox 111 3333 400 3417; x_wconf 79' lang='lat' dir='ltr'><strong>(Prso.,Gaor1ua),</strong></span> <span class='ocrx_word' id='word_1_264' title='bbox 418 3357 472 3398; x_wconf 86' lang='lat' dir='ltr'><strong>nec</strong></span> <span class='ocrx_word' id='word_1_265' title='bbox 482 3337 648 3398; x_wconf 83' lang='lat' dir='ltr'><strong>Chaldaeos</strong></span> <span class='ocrx_word' id='word_1_266' title='bbox 666 3338 747 3398; x_wconf 88' lang='lat' dir='ltr'><strong>solos</strong></span> <span class='ocrx_word' id='word_1_267' title='bbox 764 3339 812 3396; x_wconf 92' lang='lat' dir='ltr'><strong>vel</strong></span> <span class='ocrx_word' id='word_1_268' title='bbox 826 3333 1103 3415; x_wconf 88' lang='lat' dir='ltr'><strong>Nabopolassarem</strong></span> <span class='ocrx_word' id='word_1_269' title='bbox 1116 3336 1210 3414; x_wconf 79' lang='lat' dir='ltr'><strong>(Onu-</strong></span> 
     </span>
     <span class='ocr_line' id='line_1_32' title="bbox 112 3438 914 3517; baseline 0.001 -22"><span class='ocrx_word' id='word_1_270' title='bbox 112 3442 205 3516; x_wconf 70' lang='lat' dir='ltr'><strong>ttur.)„</strong></span> <span class='ocrx_word' id='word_1_271' title='bbox 225 3441 278 3502; x_wconf 85' lang='lat' dir='ltr'><strong>sed</strong></span> <span class='ocrx_word' id='word_1_272' title='bbox 295 3449 437 3517; x_wconf 84' lang='lat' dir='ltr'><strong>utrosque</strong></span> <span class='ocrx_word' id='word_1_273' title='bbox 454 3458 514 3502; x_wconf 84' lang='lat' dir='ltr'><strong>uua</strong></span> <span class='ocrx_word' id='word_1_274' title='bbox 530 3457 660 3516; x_wconf 88' lang='lat' dir='ltr'><strong>persona</strong></span> <span class='ocrx_word' id='word_1_275' title='bbox 677 3438 914 3513; x_wconf 88' lang='lat' dir='ltr'><strong>comprehensos.</strong></span> 
     </span>
    </p>

    <p class='ocr_par' dir='ltr' id='par_1_9' title="bbox 114 3534 1213 3918">
     <span class='ocr_line' id='line_1_33' title="bbox 157 3534 1212 3619; baseline -0.005 -21"><span class='ocrx_word' id='word_1_276' title='bbox 157 3538 245 3600; x_wconf 87' lang='lat' dir='ltr'><strong>Prius</strong></span> <span class='ocrx_word' id='word_1_277' title='bbox 266 3559 337 3600; x_wconf 90' lang='lat' dir='ltr'><strong>vero</strong></span> <span class='ocrx_word' id='word_1_278' title='bbox 355 3558 444 3619; x_wconf 90' lang='lat' dir='ltr'><strong>quam</strong></span> <span class='ocrx_word' id='word_1_279' title='bbox 461 3541 563 3598; x_wconf 88' lang='lat' dir='ltr'><strong>hostes</strong></span> <span class='ocrx_word' id='word_1_280' title='bbox 580 3537 785 3615; x_wconf 75' lang='lat' dir='ltr'><strong>aggredientes</strong></span> <span class='ocrx_word' id='word_1_281' title='bbox 803 3536 966 3608; x_wconf 89' lang='lat' dir='ltr'><strong>describat,</strong></span> <span class='ocrx_word' id='word_1_282' title='bbox 985 3535 1091 3598; x_wconf 85' lang='lat' dir='ltr'><strong>acerbe</strong></span> <span class='ocrx_word' id='word_1_283' title='bbox 1106 3534 1212 3593; x_wconf 88' lang='lat' dir='ltr'><strong>irridet</strong></span> 
     </span>
     <span class='ocr_line' id='line_1_34' title="bbox 115 3634 1213 3717; baseline 0.002 -27"><span class='ocrx_word' id='word_1_284' title='bbox 115 3645 190 3700; x_wconf 88' lang='lat' dir='ltr'><strong>vates</strong></span> <span class='ocrx_word' id='word_1_285' title='bbox 201 3641 358 3717; x_wconf 84' lang='lat' dir='ltr'><strong>Assyrios,</strong></span> <span class='ocrx_word' id='word_1_286' title='bbox 376 3660 412 3699; x_wconf 91' lang='lat' dir='ltr'><strong>ne</strong></span> <span class='ocrx_word' id='word_1_287' title='bbox 425 3639 560 3700; x_wconf 85' lang='lat' dir='ltr'><strong>nominis-</strong></span> <span class='ocrx_word' id='word_1_288' title='bbox 571 3638 617 3699; x_wconf 87' lang='lat' dir='ltr'><strong>sui</strong></span> <span class='ocrx_word' id='word_1_289' title='bbox 630 3637 875 3699; x_wconf 85' lang='lat' dir='ltr'><strong>obliviscerentur</strong></span> <span class='ocrx_word' id='word_1_290' title='bbox 892 3635 1029 3714; x_wconf 88' lang='lat' dir='ltr'><strong>gloriam,</strong></span> <span class='ocrx_word' id='word_1_291' title='bbox 1049 3634 1101 3693; x_wconf 87' lang='lat' dir='ltr'><strong>sed</strong></span> <span class='ocrx_word' id='word_1_292' title='bbox 1117 3635 1213 3708; x_wconf 87' lang='lat' dir='ltr'><strong>probe</strong></span> 
     </span>
     <span class='ocr_line' id='line_1_35' title="bbox 114 3734 1212 3818; baseline -0.005 -21"><span class='ocrx_word' id='word_1_293' title='bbox 114 3751 172 3796; x_wconf 79' lang='lat' dir='ltr'><strong>sese</strong></span> <span class='ocrx_word' id='word_1_294' title='bbox 187 3740 374 3817; x_wconf 82' lang='lat' dir='ltr'><strong>accingerent</strong></span> <span class='ocrx_word' id='word_1_295' title='bbox 389 3749 481 3818; x_wconf 91' lang='lat' dir='ltr'><strong>atque</strong></span> <span class='ocrx_word' id='word_1_296' title='bbox 496 3740 613 3800; x_wconf 84' lang='lat' dir='ltr'><strong>fortiter</strong></span> <span class='ocrx_word' id='word_1_297' title='bbox 629 3737 825 3797; x_wconf 84' lang='lat' dir='ltr'><strong>defenderent.</strong></span> <span class='ocrx_word' id='word_1_298' title='bbox 851 3736 887 3795; x_wconf 95' lang='lat' dir='ltr'><strong>Id</strong></span> <span class='ocrx_word' id='word_1_299' title='bbox 903 3735 984 3813; x_wconf 89' lang='lat' dir='ltr'><strong>quod</strong></span> <span class='ocrx_word' id='word_1_300' title='bbox 1001 3742 1143 3811; x_wconf 85' lang='lat' dir='ltr'><strong>quattuor</strong></span> <span class='ocrx_word' id='word_1_301' title='bbox 1160 3734 1212 3792; x_wconf 90' lang='lat' dir='ltr'><strong>ab·</strong></span> 
     </span>
     <span class='ocr_line' id='line_1_36' title="bbox 115 3833 1213 3918; baseline 0.002 -28"><span class='ocrx_word' id='word_1_302' title='bbox 115 3836 233 3900; x_wconf 88' lang='lat' dir='ltr'><strong>solvitur</strong></span> <span class='ocrx_word' id='word_1_303' title='bbox 249 3842 387 3901; x_wconf 88' lang='lat' dir='ltr'><strong>numeris.</strong></span> <span class='ocrx_word' id='word_1_304' title='bbox 427 3853 500 3906; x_wconf 69' lang='lat' dir='ltr'><strong>urst</strong></span> <span class='ocrx_word' id='word_1_305' title='bbox 523 3840 658 3918; x_wconf 88' lang='lat' dir='ltr'><strong>plerique</strong></span> <span class='ocrx_word' id='word_1_306' title='bbox 674 3839 741 3899; x_wconf 89' lang='lat' dir='ltr'><strong>intt.</strong></span> <span class='ocrx_word' id='word_1_307' title='bbox 759 3839 834 3898; x_wconf 90' lang='lat' dir='ltr'><strong>bene</strong></span> <span class='ocrx_word' id='word_1_308' title='bbox 851 3844 1018 3898; x_wconf 85' lang='lat' dir='ltr'><strong>statuerunt</strong></span> <span class='ocrx_word' id='word_1_309' title='bbox 1037 3851 1103 3894; x_wconf 91' lang='lat' dir='ltr'><strong>esse</strong></span> <span class='ocrx_word' id='word_1_310' title='bbox 1119 3833 1213 3907; x_wconf 82' lang='lat' dir='ltr'><strong>indm,</strong></span> 
     </span>
    </p>
   </div>
   <div class='ocr_carea' id='block_1_9' title="bbox 114 3979 307 4012">
    <p class='ocr_par' dir='ltr' id='par_1_10' title="bbox 114 3979 307 4012">
     <span class='ocr_line' id='line_1_37' title="bbox 114 3979 307 4012; baseline 0.005 -3"><span class='ocrx_word' id='word_1_311' title='bbox 114 3979 307 4012; x_wconf 35' lang='lat'><strong>*5—2...</strong></span> 
     </span>
    </p>
   </div>
   <div class='ocr_carea' id='block_1_10' title="bbox 118 4094 1217 4246">
    <p class='ocr_par' dir='ltr' id='par_1_11' title="bbox 118 4094 1217 4246">
     <span class='ocr_line' id='line_1_38' title="bbox 161 4094 1214 4160; baseline -0.002 -15"><span class='ocrx_word' id='word_1_312' title='bbox 161 4097 184 4159; x_wconf 86' lang='lat'><strong>1)</strong></span> <span class='ocrx_word' id='word_1_313' title='bbox 201 4101 358 4152; x_wconf 80' lang='lat' dir='ltr'><strong>Acensmms</strong></span> <span class='ocrx_word' id='word_1_314' title='bbox 376 4100 409 4150; x_wconf 91' lang='lat' dir='ltr'><strong>de</strong></span> <span class='ocrx_word' id='word_1_315' title='bbox 426 4101 529 4151; x_wconf 86' lang='lat' dir='ltr'><strong>civitate</strong></span> <span class='ocrx_word' id='word_1_316' title='bbox 545 4099 597 4150; x_wconf 89' lang='lat' dir='ltr'><strong>Dei</strong></span> <span class='ocrx_word' id='word_1_317' title='bbox 614 4097 724 4160; x_wconf 83' lang='lat' dir='ltr'><strong>xvm,</strong></span> <span class='ocrx_word' id='word_1_318' title='bbox 743 4098 784 4148; x_wconf 89' lang='grc'><strong>31.</strong></span> <span class='ocrx_word' id='word_1_319' title='bbox 821 4094 901 4160; x_wconf 85' lang='lat' dir='ltr'><strong>,Quis</strong></span> <span class='ocrx_word' id='word_1_320' title='bbox 925 4094 1097 4158; x_wconf 84' lang='lat' dir='ltr'><strong>ascenderit,“</strong></span> <span class='ocrx_word' id='word_1_321' title='bbox 1124 4095 1214 4160; x_wconf 89' lang='lat' dir='ltr'><strong>inquit,</strong></span> 
     </span>
     <span class='ocr_line' id='line_1_39' title="bbox 118 4175 1217 4246; baseline -0.003 -13"><span class='ocrx_word' id='word_1_322' title='bbox 118 4175 159 4233; x_wconf 64' lang='lat' dir='ltr'><strong>»ab</strong></span> <span class='ocrx_word' id='word_1_323' title='bbox 176 4182 278 4244; x_wconf 83' lang='lat' dir='ltr'><strong>inieris,</strong></span> <span class='ocrx_word' id='word_1_324' title='bbox 296 4191 322 4233; x_wconf 89' lang='lat' dir='ltr'><strong>et</strong></span> <span class='ocrx_word' id='word_1_325' title='bbox 338 4182 509 4234; x_wconf 82' lang='lat' dir='ltr'><strong>insufflaverit</strong></span> <span class='ocrx_word' id='word_1_326' title='bbox 524 4185 551 4232; x_wconf 92' lang='lat' dir='ltr'><strong>in</strong></span> <span class='ocrx_word' id='word_1_327' title='bbox 569 4184 661 4234; x_wconf 84' lang='lat' dir='ltr'><strong>faciem</strong></span> <span class='ocrx_word' id='word_1_328' title='bbox 679 4181 774 4244; x_wconf 91' lang='lat' dir='ltr'><strong>Iudae,</strong></span> <span class='ocrx_word' id='word_1_329' title='bbox 792 4181 841 4232; x_wconf 85' lang='lat' dir='ltr'><strong>boe</strong></span> <span class='ocrx_word' id='word_1_330' title='bbox 858 4187 911 4242; x_wconf 85' lang='lat' dir='ltr'><strong>est,</strong></span> <span class='ocrx_word' id='word_1_331' title='bbox 934 4178 1091 4232; x_wconf 79' lang='lat' dir='ltr'><strong>ludaeorum</strong></span> <span class='ocrx_word' id='word_1_332' title='bbox 1108 4179 1217 4246; x_wconf 82' lang='lat' dir='ltr'><strong>discipu·</strong></span> 
     </span>
    </p>
   </div>
   <div class='ocr_carea' id='block_1_11' title="bbox 117 4255 1017 4396">
    <p class='ocr_par' dir='ltr' id='par_1_12' title="bbox 117 4255 1017 4396">
     <span class='ocr_line' id='line_1_40' title="bbox 117 4255 1014 4332; baseline -0.001 -16"><span class='ocrx_word' id='word_1_333' title='bbox 117 4255 191 4316; x_wconf 81' lang='lat' dir='ltr'><strong>¹0rum</strong></span> <span class='ocrx_word' id='word_1_334' title='bbox 209 4265 334 4332; x_wconf 85' lang='lat' dir='ltr'><strong>Spiritum</strong></span> <span class='ocrx_word' id='word_1_335' title='bbox 351 4273 480 4330; x_wconf 88' lang='lat' dir='ltr'><strong>sanctum,</strong></span> <span class='ocrx_word' id='word_1_336' title='bbox 498 4269 608 4330; x_wconf 86' lang='lat' dir='ltr'><strong>recolat,</strong></span> <span class='ocrx_word' id='word_1_337' title='bbox 625 4267 669 4332; x_wconf 87' lang='lat' dir='ltr'><strong>qui</strong></span> <span class='ocrx_word' id='word_1_338' title='bbox 687 4267 803 4317; x_wconf 84' lang='lat' dir='ltr'><strong>meminit</strong></span> <span class='ocrx_word' id='word_1_339' title='bbox 819 4264 1014 4328; x_wconf 79' lang='lat' dir='ltr'><strong>Evangelium.“</strong></span> 
     </span>
     <span class='ocr_line' id='line_1_41' title="bbox 975 4347 1017 4396; baseline 0 -20"><span class='ocrx_word' id='word_1_340' title='bbox 975 4348 993 4396; x_wconf 67' lang='lat'>4</span> <span class='ocrx_word' id='word_1_341' title='bbox 1004 4347 1017 4376; x_wconf 56' lang='grc' dir='ltr'>ὖ</span> 
     </span>
    </p>
   </div>
   <div class='ocr_carea' id='block_1_12' title="bbox 0 0 1482 5098">
    <p class='ocr_par' dir='ltr' id='par_1_13' title="bbox 0 0 1482 5098">
     <span class='ocr_line' id='line_1_42' title="bbox 0 0 1482 5098; baseline 0 0"><span class='ocrx_word' id='word_1_342' title='bbox 0 0 1482 5098; x_wconf 95' lang='lat' dir='ltr'><strong> </strong></span> 
     </span>
    </p>
   </div>
  </div>
 </body>
</html>
