2966 5090
297 285 342 357 14
703 327 706 332 ι
737 289 856 364 olel,
880 295 960 348 aa.

294 484 412 554 pretam
430 475 488 534 hoe
511 477 543 534 in
561 493 668 552 genere
685 474 848 534 sententiae
865 474 1059 552 reperiuntur.
1096 473 1127 550 1)
1143 473 1247 531 Primo
1264 473 1332 532 loeo
1350 491 1397 532 eos

295 577 498 654 appellamus,
517 578 567 655 qui
585 575 707 654 pmprle
723 577 802 635 dicta
819 575 965 636 eiusmodi
982 584 1010 634 et
1027 575 1200 634 adverbum
1218 576 1319 632 omnia
1336 593 1398 633 eve·

296 679 360 736 nire
376 678 565 738 existiment·
592 677 677 752 Quae
694 677 838 737 sententia
863 685 894 735 et
914 677 1048 736 veritatIs
1066 676 1148 735 verbi
1170 675 1264 734 divini
1287 685 1398 736 susten-

295 779 404 838 tandae
421 780 535 853 studio,
554 791 583 836 et
599 777 699 840 indole
716 777 754 836 V.
768 777 816 837 Ti.
834 786 865 836 et
882 778 998 836 ratione
1013 776 1152 836 universa
1169 777 1397 836 commendatur.

294 881 353 940 Est
374 877 504 938 enimin
525 879 662 938 omnibus
679 885 781 936 vatum
804 897 956 938 sacrorum
981 877 1110 936 oraculis
1131 878 1158 936 is
1176 878 1263 956 quasi
1287 863 1399 937 medius

294 981 346 1040 ille
367 979 466 1051 loeus,
495 979 556 1057 quo
580 980 681 1038 omnia
702 979 859 1055 rapiuntur
887 987 917 1037 et
938 987 1107 1056 coguntur„
1122 987 1155 1037 ut
1176 979 1355 1038 absolvatur
1373 991 1400 1037 et

295 1081 459 1142 cumuletur
481 1099 605 1157 reguum
627 1080 773 1152 divinum
804 1081 836 1140 iu
863 1080 945 1158 quod
969 1079 1033 1138 fieri
1063 1097 1124 1138 nou
1146 1087 1246 1156 potest
1268 1080 1326 1140 nisi
1349 1099 1399 1138 ex·

294 1182 404 1243 stincto
427 1189 516 1240 antea
538 1189 678 1257 peccato,
707 1163 737 1240 et
758 1187 918 1257 praeeunte
940 1181 1059 1240 iudicio.
1106 1179 1281 1240 Offeruntur
1303 1189 1399 1239 autem

296 1281 508 1360 prophetarum
531 1281 625 1341 ocella
642 1283 708 1340 visa
730 1281 847 1340 ratione
871 1301 924 1355 ea,
947 1301 1037 1359 quam
1060 1289 1123 1340 tum
1145 1281 1399 1358 complexo-apo·

294 1382 507 1442 telesmatieem
525 1381 703 1458 dieunt(efr.
714 1381 770 1442 On.
781 1381 938 1442 A.Onus11
950 1383 1092 1460 hypomn.
1106 1383 1196 1460 §1643
1213 1382 1400 1442 Dntmzscn.

295 1484 420 1544 Habak.
438 1501 467 1559 p.
481 1488 530 1542 139
544 1486 615 1562 ss),
638 1492 700 1543 tum
723 1483 941 1560 perspectivam
958 1483 1025 1560 (cir.
1044 1483 1200 1543 Hnncsrn.
1220 1483 1362 1543 Christol.
1377 1485 1399 1556 l,

265 1628 267 1632 .
297 1591 329 1659 l,
352 1581 474 1656 30δέεῆ
502 1584 667 1644 Hnnvnnn.
690 1583 829 1658 muln,
849 1588 884 1658 ¹2,
909 1587 1021 1663 lisa).
1057 1584 1125 1660 Qua
1148 1583 1200 1658 lit,
1228 1592 1262 1642 ut
1284 1584 1401 1661 singula

294 1685 405 1746 iudicia
427 1685 464 1744 de
486 1686 611 1762 singulis
636 1685 778 1745 sumenda
800 1684 937 1762 gentibus
959 1704 1132 1762 expressam
1149 1685 1275 1744 extremi
1297 1693 1329 1744 et
1350 1687 1401 1744 ab·

295 1788 387 1848 soluti
408 1786 509 1845 iudicii
530 1786 660 1844 referant
680 1785 848 1861 imaginem.
866 1819 903 1829 -
938 1786 1074 1861 Quaeso
1100 1786 1196 1864 magis
1221 1786 1252 1844 in
1269 1784 1400 1844 Nahumi

295 1887 468 1946 vaticinium
481 1886 591 1944 cadunt
605 1885 716 1958 omnia,
730 1886 812 1962 quod
822 1886 896 1944 nihil
907 1895 1061 1962 praeterea
1072 1886 1176 1960 habet,
1196 1905 1255 1964 quo
1270 1887 1400 1946 omnium

296 2006 395 2046 rerum
416 1987 499 2060 finis,
529 1995 645 2062 semper
668 1986 842 2046 obversatus
869 1987 921 2046 ille
943 1995 1044 2046 vatum
1072 1987 1194 2059 animis,
1219 1987 1400 2064 indigitetur.

297 2091 344 2147 Ae
361 2088 386 2146 si
401 2086 569 2164 quaeritur,
594 2087 744 2164 quomodo
762 2100 813 2160 ea',
832 2105 908 2164 quae
925 2095 1061 2148 naturam
1078 2101 1175 2145 rerum
1192 2088 1257 2164 pati
1278 2088 1402 2164 leglmus

295 2209 324 2247 v.
338 2193 423 2260 3-6,
441 2181 517 2270 vera
528 2187 644 2248 literate
661 2206 727 2248 esse
742 2188 872 2264 possint,
891 2187 1039 2246 relicimur
1056 2187 1188 2264 primum·
1201 2189 1239 2246 ad
1257 2196 1401 2248 secretam

295 2290 378 2348 illam
400 2270 658 2362 necessitudinem,
691 2307 769 2364 quae
796 2287 875 2348 inter
895 2305 990 2366 genus
1011 2289 1171 2348 humanum
1195 2289 1353 2348 intercedit
1376 2299 1402 2348 et

296 2399 432 2449 naturam
450 2388 519 2466 (cir.
537 2387 614 2448 Gen.
628 2387 690 2463 IlI,
715 2394 763 2461 173
778 2389 874 2448 Rom.
888 2389 979 2465 VIII,
999 2394 1030 2447 19
1044 2391 1114 2467 ss),
1139 2399 1169 2449 et
1192 2409 1281 2468 quam
1306 2398 1402 2450 terrae

295 2492 425 2552 maxime
448 2510 549 2551 sacrae
572 2498 725 2567 aspectus,
750 2490 951 2550 Israelitarum
974 2489 1170 2550 conditionem
1194 2509 1311 2566 semper
1328 2493 1401 2550 refe·

295 2613 380 2666 rens,
404 2593 514 2668 probat
535 2592 699 2670 hodiequ03
724 2600 786 2653 tum
803 2597 874 2652 vere
901 2599 1034 2651 extremo
1055 2591 1164 2651 iudicio
1188 2591 1289 2651 omnia
1311 2611 1348 2652 ea
1365 2591 1402 2653 ad

261 2748 264 2753 .
295 2695 418 2752 verbum
429 2693 594 2755 confectum
604 2692 642 2750 iri
653 2692 898 2776 asseverant(cfr.
905 2692 1069 2754 Hessos.
1076 2693 1166 2754 Jesus
1178 2693 1229 2750 der
1237 2691 1340 2752 Christ
1348 2703 1400 2752 etc.

296 2813 326 2870 p.
348 2797 396 2851 186
416 2813 471 2866 ss.;
503 2792 690 2850 Dnnmzscn.
715 2790 796 2849 Hab.
819 2810 849 2866 p.
865 2796 915 2848 140
932 2795 997 2870 ss).
1023 2825 1060 2834 -
1094 2793 1204 2851 Verum
1228 2793 1304 2851 enim
1330 2813 1400 2853 vero

232 2898 236 2906 '
296 2913 367 2952 num
390 2912 441 2965 ea,
465 2892 571 2969 quibus
593 2897 757 2954 extremum
772 2890 918 2957 ,iudicium
941 2887 973 2948 in
995 2891 1026 2949 ll.
1045 2909 1084 2952 sss
1108 2893 1289 2969 descriptum
1311 2913 1401 2970 saepe

296 2993 435 3069 legimus,
459 3001 601 3049 eventura
621 2989 738 3048 literato
758 2989 833 3062 sint,
856 3009 911 3050 nee
932 2992 1120 3068 exploratum
1145 2992 1241 3054 adhue
1262 3002 1323 3067 est,
1348 3015 1402 3054 neo

297 3093 373 3152 seire
395 3091 515 3148 omniuo
536 3108 712 3176 possumus,
735 3107 802 3150 eum
824 3091 894 3168 lpse
909 3091 1020 3155 OhrIsti
1037 3094 1187 3176 visualia
1204 3094 1346 3162 vaticinia
1363 3096 1402 3156 ad

297 3190 434 3265 verbum,
459 3191 519 3250 elia
535 3209 589 3267 per
604 3190 763 3268 imaginem
781 3193 928 3269 completa
944 3203 1115 3270 appareant.
1149 3195 1230 3254 Huic
1246 3215 1317 3274 ergo
1336 3215 1402 3256 sen-

297 3293 408 3354 tentiae
431 3309 555 3368 prorsus
578 3292 722 3354 assentire
743 3295 907 3372 nequimus.
937 3295 987 3373 t)
1009 3295 1072 3353 Alii
1099 3297 1254 3374 preprium
1281 3317 1403 3358 sensum

297 3394 400 3470 aliqua
416 3413 455 3452 ex
472 3400 556 3468 parte
577 3393 719 3468 retinent,
743 3413 809 3454 cum
833 3395 995 3454 subiectum
1012 3396 1080 3454 huie
1103 3395 1226 3474 imagini
1248 3405 1403 3474 aspectum

297 3495 397 3554 dieunt
412 3494 461 3552 vel
477 3494 662 3570 tempestatis
678 3509 745 3554 eum
763 3495 875 3556 tonitru
891 3495 1054 3581 etlulgure
1070 3496 1207 3578 (Hira),
1230 3498 1279 3558 vel
1295 3507 1402 3558 ventus

297 3595 429 3656 aestuosi
446 3613 512 3654 oum
534 3605 631 3654 terrae
647 3604 730 3654 mota
747 3593 920 3675 (Euam),
933 3629 935 3632 -
946 3597 993 3656 vel
1010 3615 1111 3656 earum
1128 3599 1248 3658 omnino
1266 3617 1401 3672 menum,

297 3715 373 3776 quos
390 3699 544 3776 regionum
558 3707 668 3760 ‘neuma
685 3695 1164 3776 quotannis›afferat‘((}nnv1ns);
1181 3719 1259 3777 quae
1271 3701 1402 3777 speeiem

297 3814 400 3858 eorum
422 3807 451 3858 et
472 3797 602 3856 indolem
623 3791 779 3882 videantur
802 3798 958 3871 excedere,
987 3817 1023 3858 ea
1047 3800 1086 3858 ad
1107 3801 1332 3876 hyperbolicum
1356 3802 1402 3859 di·

298 3895 384 3958 ee'ndi
400 3917 493 3976 genus
517 3897 672 3956 referenda
688 3911 769 3972 esse,
793 3899 875 3976 quod
890 3906 998 3974 poetae
1020 3917 1086 3958 oum
1103 3900 1222 3960 ratibus
1244 3917 1403 3960 commune

297 4001 435 4058 habeant.
460 4031 497 4040 —-
533 3996 596 4072 Qui
616 3999 660 4057 sIe
681 3993 829 4072 statuunt,
852 3999 921 4058 licet
939 4007 1019 4058 reete
1037 3995 1131 4059 multa
1154 3995 1306 4078 disputare
1330 4022 1403 4062 con-

298 4101 449 4172 cedamus,
468 4106 567 4156 tamen
584 4107 745 4159 extenuare
756 4093 940 4176 mangopere
958 4101 1041 4159 verbi
1063 4101 1156 4160 divini
1175 4103 1403 4178 amplitudinem

298 4199 448 4272 videntur,
474 4198 585 4276 quippe
603 4200 683 4277 quod
704 4200 735 4258 in
753 4201 810 4258 hoc
826 4218 946 4277 quoque
967 4213 1088 4277 genere,
1111 4211 1145 4260 ut
1165 4203 1318 4279 praeclare
1336 4206 1404 4262 Au·

298 4309 445 4358 autumus
463 4301 520 4372 ait,
540 4301 684 4373 „haustus
696 4302 804 4360 habeat
819 4300 947 4376 primos,
965 4302 1074 4362 habeat
1090 4304 1267 4364 secundos.“
1294 4305 1325 4382 3)
1340 4303 1405 4362 De-
