2966 5090
395 283 421 358 §.
440 286 466 341 5.
493 281 543 340 Du
561 299 658 343 assos
675 287 886 346 Assrruouuar.
1125 309 1201 354 xiix

81 465 154 538 bia,
180 483 215 522 eo
241 463 351 524 clarius
374 464 531 540 paullatim
553 469 708 542 apparuit,
733 477 845 544 quanta
863 479 892 528 et
909 490 999 547 quam
1016 477 1121 548 gravia
1137 495 1200 535 mu·

79 584 160 622 nera
177 565 369 640 exsequenda
385 564 423 623 iis
441 564 602 623 uDomino
621 567 769 626 destinata
786 577 876 646 atque
892 569 1024 630 iniuncta
1042 583 1149 632 essent.
1165 576 1199 635 Id

8 654 12 666 '
81 665 170 742 quod
195 665 226 722 in
249 664 436 740 amplissima
457 665 523 724 luce
545 667 738 726 constitutum
763 678 808 728 est
831 670 971 729 vaticinio
989 671 1090 730 Ionae.
1117 673 1197 733 Nam

62 765 177 825 -sicuti
193 766 274 824 haud
291 784 360 824 raro
386 766 496 823 factum
520 775 579 838 est,
607 776 639 824 ut
655 767 742 840 deus,
767 787 832 826 cum
856 788 971 828 summa
994 773 1124 847 quadam
1147 795 1198 834 ne·

81 866 227 925 cessitate
243 883 317 942 gens
335 865 438 940 aliqua
455 883 520 923 cum
537 866 683 926 Israelitis
700 869 913 942 contineretur,
940 871 967 930 ei
984 890 1092 931 nomen
1110 893 1196 934 suum

81 975 114 1024 et
132 967 320 1024 maiestatem
339 965 481 1041 singulari
499 966 601 1042 aliqua
624 967 740 1026 ratione
763 969 983 1029 manifestaret¹
1000 1005 1036 1014 ἡ
1054 976 1195 1049 quemad-

82 1067 211 1124 modum
229 1066 387 1142 Acgyptiis
403 1085 457 1141 per
475 1066 560 1142 signa
576 1067 631 1125 illa
653 1075 744 1144 atque
761 1077 916 1144 portenta,
939 1071 1117 1147 Babyloniis
1141 1094 1196 1150 per

82 1166 229 1226 Danielis
245 1167 334 1224 verba
352 1174 382 1224 et
398 1165 495 1239 facta,
518 1167 620 1226 Persis
644 1187 699 1242 per
720 1169 906 1244 praeclarum
929 1171 1136 1232 vaticiniorum
1159 1175 1195 1234 de

85 1265 176 1343 Oyro
201 1274 287 1324 antea
308 1267 454 1326 editorum
476 1275 613 1326 eventum
630 1269 726 1326 -ita
750 1270 789 1328 ad
811 1271 972 1347 Assyrios,
997 1272 1106 1348 quibus
1129 1282 1194 1332 tan·

84 1386 180 1444 quam
198 1366 427 1442 omnipotentiae
444 1385 515 1426 suae
531 1362 734 1428 instrumentis
752 1389 860 1429 usurus
886 1380 965 1442 erat,
990 1371 1193 1432 Israelitarum

83 1487 146 1525 non
171 1467 267 1526 minus
292 1487 382 1543 quam
399 1467 578 1525 Iudaeorum
598 1469 671 1528 fatie
695 1470 904 1542 declarandae,
928 1471 967 1528 ad
993 1490 1046 1530 eos
1070 1473 1192 1550 inquam

83 1569 191 1626 Ionam
209 1567 308 1626 emisit
324 1575 437 1639 vatem,
462 1567 513 1642 qui
536 1567 687 1627 civitatem
702 1569 785 1626 illam
802 1588 862 1626 non
879 1569 1009 1628 humano
1027 1571 1124 1629 solum
1142 1593 1192 1631 ve-

83 1688 151 1726 rum
169 1668 270 1726 divino
289 1667 379 1726 etiam
396 1665 535 1724 modulo²
552 1668 591 1725 ad
607 1669 758 1743 potentiae
776 1677 805 1726 et
817 1668 947 1726 malitiae
960 1665 1111 1744 fastigium
1124 1689 1190 1728 eve-

84 1777 179 1840 ctam,
196 1767 332 1826 interitus
348 1767 576 1826 commiuatione
588 1768 746 1845 proposita
759 1769 796 1826 ad
810 1768 1022 1844 poenitendam
1035 1768 1092 1827 sibi
1104 1789 1191 1845 prae·

84 1869 223 1928 standum
245 1866 479 1940 commoveret³3
510 1877 600 1945 atque
623 1869 698 1928 adeo
721 1869 816 1944 ruptis
840 1869 1060 1947 quodammodo
1085 1869 1123 1927 V.
1142 1870 1190 1930 Ti.

84 1970 193 2028 finibus
215 1969 357 2041 salutem,
382 1969 421 2026 ab
443 1968 590 2028 Israelitis
613 1976 760 2045 spretam,
785 1970 825 2028 ad
846 1978 949 2046 gentes
966 1968 1128 2044 aliquando
1146 1989 1191 2034 rs-

84 2069 285 2128 dundaturam
297 2069 521 2128 demonstraret.
549 2068 617 2144 Quo
628 2070 709 2128 facto
722 2089 787 2128 cum
800 2069 974 2128 lerobeamo
987 2069 1018 2126 Il
1030 2069 1191 2147 regnante⁴

85 2171 266 2230 declaratum
284 2179 381 2243 esset,
406 2188 552 2230 summurn
577 2170 653 2230 inter
676 2178 778 2247 gentes
794 2170 893 2230 locum
910 2169 1046 2246 Assyriis
1064 2189 1099 2230 eo
1117 2179 1212 2230 tem-⁸

85 2347 287 2356 —n-——-—

7 2503 8 2508 ,
82 2465 132 2512 tari
149 2464 230 2528 probe
247 2467 340 2527 potest.
374 2461 439 2511 Iebu
456 2464 526 2512 enim
543 2477 645 2514 omnem
661 2464 835 2512 idololatriam
847 2470 970 2525 quantum
981 2468 1070 2526 posset
1080 2464 1108 2511 in
1120 2468 1189 2510 utro-

83 2560 133 2608 que
150 2562 230 2612 regno
248 2549 413 2612 exstinguere
432 2553 539 2608 conatus
558 2552 611 2607 est;
634 2547 737 2611 Assyrii
760 2553 845 2594 autem
861 2544 951 2592 Baulis
972 2551 999 2591 et
1014 2543 1129 2592 Astartis
1147 2557 1189 2591 oo·

81 2631 221 2679 lendorurn
236 2632 327 2680 summi
343 2638 398 2680 tum
415 2632 567 2680 exstiterrmt
577 2630 695 2692 patroni,
714 2643 743 2678 ae
754 2634 856 2692 praeter
867 2633 966 2676 ceteros
978 2641 1024 2674 rex
1038 2626 1097 2685 ille,
1114 2637 1189 2686 quem

81 2713 254 2763 Divanubara
270 2715 408 2779 appellavit
417 2714 521 2773 Rama
539 2713 661 2761 Assaraci
667 2713 767 2782 ⁸cultum
778 2713 888 2777 passim,
906 2720 1008 2771 quoquo
1019 2713 1190 2772 penetrasset,

81 2799 225 2847 instituisse
241 2799 377 2862 gloriatum
401 2805 478 2860 atque
501 2798 567 2847 adeo
588 2799 644 2848 veri
660 2797 729 2846 haud
746 2797 870 2846 dissimile
891 2801 945 2856 est,
968 2792 1038 2854 qnod
1054 2791 1133 2852 Iehu,
1156 2804 1189 2840 ne

82 2883 246 2932 inimicitiam
263 2883 357 2932 sisset
373 2882 439 2933 iram
457 2884 608 2942 lacesseret,
631 2881 706 2932 donis
729 2895 787 2931 eum
809 2880 955 2947 placaverit.
974 2903 1008 2914 —
1026 2877 1189 2928 sacrorn.

82 2966 220 3030 legendum
236 2973 323 3018 censet
339 2966 432 3017 Yebue
448 2968 499 3017 ben
516 2967 595 3028 Ubn',
616 2966 644 3015 id
666 2965 735 3027 quod
756 2967 861 3030 propius
884 2964 957 3014 abest
979 2977 996 3012 a
1017 2961 1189 3012 Ratumenna

82 3052 192 3102 lectione
215 3058 294 3102 antea
309 3052 419 3115 probata
435 3052 486 3101 ben
503 3050 611 3111 Hubiri,
634 3061 741 3109 eumque
758 3049 867 3118 Hiskiae
889 3048 1035 3098 ministrum
1056 3058 1113 3094 esse
1135 3045 1189 3109 opi-

83 3143 173 3198 natur,
191 3135 281 3199 arsag.
299 3136 408 3196 XVIII,
429 3138 459 3184 18
479 3149 518 3197 ss;
535 3135 557 3184 is
575 3148 637 3182 vero
655 3134 804 3182 nominatur
825 3141 887 3198 nors
901 3138 963 3198 'l³·
981 3155 1014 3164 -
1032 3126 1086 3177 cfr.
1099 3125 1188 3176 ΒΑΜ..

84 3219 229 3270 comment.
246 3234 306 3286 pag.
318 3222 360 3270 47.
384 3218 548 3270 Athenaeum
566 3217 641 3278 1852,
658 3216 709 3267 Νο.
723 3218 804 3278 1274,
821 3216 919 3281 p.357;
943 3213 1061 3272 Literary
1080 3209 1190 3260 Gazette

85 3306 167 3366 1851,
183 3306 284 3369 path
303 3304 392 3354 Rauen.
411 3300 528 3352 Ontlines
546 3317 571 3364 p.
583 3300 685 3350 XXIV.

135 3388 161 3449 1)
177 3389 231 3440 Cir.
248 3385 402 3450 (anssn)
419 3386 467 3434 dae
483 3384 557 3434 Bueb
572 3383 653 3445 Iona,
670 3384 712 3433 ein
729 3378 934 3447 apologetiselrer
950 3374 1073 3428 Versucb.
1091 3372 1190 3436 Evang.

84 3473 301 3534 Kirohenneitung
321 3471 400 3533 1834,
417 3487 443 3535 p.
456 3470 515 3519 218.

134 3556 161 3618 2)
179 3556 233 3607 cn.
250 3554 308 3604 Ion.
330 3555 384 3615 111,
403 3537 687 3608 amministrat
702 3553 841 3602 nannum
853 3550 957 3600 uiaret
974 3543 1005 3605 1,
1021 3545 1051 3592 a:
1064 3528 1190 3596 antae

84 3630 149 3695 aar
170 3647 265 3693 nunu.
1046 3667 1048 3674 .

134 3723 162 3784 3>
180 3721 257 3782 Quod
274 3730 325 3772 tem
342 3723 418 3772 facile
435 3720 501 3770 Iona
516 3717 714 3768 fortissimorum
732 3711 898 3772 Assyriorum
921 3708 1021 3758 animos
1046 3707 1111 3756 adeo
1134 3722 1192 3769 per·

85 3807 177 3856 cellere
193 3807 321 3870 potuerit,
339 3811 442 3868 praeter
459 3802 577 3865 exempla
594 3799 657 3848 satis
675 3795 768 3845 similia
785 3791 840 3851 (clr.
856 3793 873 3842 l.
884 3793 901 3840 l.
919 3807 944 3854 p.
955 3791 1015 3852 222)
1033 3805 1064 3875 eo
1079 3788 1192 3838 referen-

85 3889 145 3938 dum
165 3897 217 3951 est,
240 3889 309 3950 quod
327 3887 479 3937 divinationi
498 3892 523 3934 et
540 3883 651 3934 cuiusvis
667 3879 768 3944 generis
791 3874 1014 3940 superstitionibus
1037 3883 1192 3935 magnopere
1261 3921 1264 3924 ,

86 3973 167 4024 dediti
185 3981 273 4034 erent3
292 3973 337 4022 cir.
356 3985 434 4036 supra
451 3987 475 4034 p.
486 3969 576 4027 XXV,
593 3973 648 4015 not.
796 3963 797 3969 ’

134 4056 163 4117 4)
181 4056 236 4106 Cir.
254 4055 346 4118 2Reg.
360 4055 436 4116 XIV,
454 4055 495 4104 25.
512 4052 591 4115 Regis
609 4049 711 4111 Assyrii
728 4060 836 4106 nornen,
855 4044 899 4105 qui
915 4043 1102 4107 poenitentiam
1118 4053 1192 4104 prae-

87 4139 205 4188 standam
223 4140 318 4204 populo
335 4139 458 4205 praeivit,
477 4152 509 4186 ex
526 4133 733 4198 inscriptionibus
750 4131 865 4180 nondum
882 4134 951 4178 certo
965 4126 1124 4186 enucleatum
1142 4130 1194 4184 est,

87 4222 214 4272 minas.
233 4223 352 4287 opinatur
364 4236 486 4287 regnasse
498 4235 529 4271 ec
541 4228 656 4284 tempore
668 4213 911 4266 Adremrnelechum
928 4210 993 4260 IIum
1010 4209 1065 4272 (eir.
1079 4208 1196 4260 Outlinea

87 4321 112 4367 p.
126 4305 238 4367 xxvi).
973 4375 998 4410 w
