2918 5098
280 283 327 354 30
693 283 768 344 One.
782 285 813 359 1,
832 304 859 343 v.
873 289 968 342 't-ll.

331 473 362 551 t)
385 469 436 529 Ad
459 468 587 529 alteram
605 469 825 547 quaestionem,
853 471 975 546 quinam
1002 469 1158 545 potiantur
1177 471 1388 546 calamitatem,

280 573 401 652 plurimi
423 589 527 630 rursus
550 570 740 646 interpretes:
769 572 935 647 Assyrios,-
952 566 1147 647 respondent;
1172 573 1296 652 reliqui,
1322 576 1389 632 Mu·

280 690 429 745 uoomus,
457 672 603 744 TmnmS,
621 672 760 744 Manem,
776 672 896 745 Mnus,
914 671 1060 730 Hennam.
1078 673 1173 748 probe
1190 675 1228 732 ad
1245 675 1388 755 Israelem

282 777 427 847 referunt,
457 773 565 850 quibus
591 791 650 830 non
675 772 844 832 dubitamus
873 773 1019 832 assentiri.
1062 773 1140 832 Nam
1165 776 1198 852 a)
1217 775 1312 834 altera
1337 777 1389 835 illa

281 886 361 937 stare
384 874 504 932 omnino
530 873 632 951 nequit
655 873 813 931 sententia:
852 874 934 947 „hac
954 874 1018 933 vioe
1040 875 1083 932 ita
1108 893 1164 934 vos
1187 875 1300 952 affliget
1330 897 1389 935 una

281 978 373 1055 plaga
388 975 488 1046 Deus,
512 982 546 1032 ut
561 973 738 1050 repetitione
761 993 836 1050 opus
854 993 914 1032 non
938 975 991 1048 sit,
1016 995 1075 1034 una
1095 975 1186 1052 plaga
1203 995 1258 1036 vos
1275 978 1389 1053 planis-

282 1080 356 1139 sime
366 1075 591 1153 pessumdabit‘
604 1073 837 1150 (Qmsroerrus,
845 1075 999 1149 *Funerum
1007 1075 1172 1150 Uirunum,
1180 1075 1387 1157 Ew.,H1rz‚);

281 1179 346 1251 vel,
370 1175 421 1234 ubi
438 1195 455 1234 o
470 1175 587 1235 Burin
604 1169 749 1234 sententia
771 1176 920 1235 alludatur
940 1177 979 1235 ad
995 1177 1087 1236 Ionae
1109 1177 1273 1238 orationes:
1305 1198 1388 1254 „non

169 1349 172 1356 Ι
279 1281 386 1338 iterum
404 1285 506 1354 surget
521 1277 721 1353 poenitentiae
738 1277 892 1354 angustia,
911 1297 987 1337 nunc
1005 1287 1070 1338 ruet
1088 1279 1212 1337 exitium
1230 1279 1322 1357 (t)“;
1343 1280 1388 1338 vel

279 1381 419 1455 insuper,
446 1379 472 1436 si
494 1378 533 1436 ad
555 1377 686 1454 priorem
705 1377 808 1452 illam,
836 1397 925 1456 quam
948 1378 1045 1453 aiunt,
1070 1381 1181 1439 iactam
1204 1381 1242 1438 ab
1267 1381 1388 1439 Arbace

279 1478 531 1558 expugnationem
548 1478 739 1555 respiciatur:
757 1499 796 1537 ex
814 1499 850 1538 ea
867 1479 984 1557 quidem
997 1480 1184 1556 respirastis,
1202 1499 1282 1538 nnnc
1298 1482 1388 1558 plane

280 1575 716 1657 exstinguemini(Knu1uss.).
758 1579 834 1639 Tale
851 1581 923 1659 quid
946 1580 1023 1639 enim
1044 1581 1153 1639 idoneo
1175 1583 1388 1640 sententiarum

280 1683 371 1741 nexui
387 1682 476 1759 plane
494 1682 674 1740 contrarium
692 1692 738 1741 est
743 1704 752 1753 3
771 1701 860 1759 quam
873 1681 1024 1742 atrocibus
1037 1683 1075 1741 ab
1088 1682 1176 1741 initio
1189 1671 1289 1742 verbis
1298 1678 1386 1759 prae·

280 1784 411 1842 dicatum
438 1790 498 1856 est,
530 1782 681 1860 quomodo
705 1783 799 1841 iratus
821 1782 969 1842 Dominus
995 1783 1132 1844 inimicos
1158 1801 1228 1842 suos
1255 1783 1387 1842 funditus

278 1890 410 1956 evertat,
429 1917 464 1926 -
489 1890 519 1940 et
537 1900 626 1960 quum
643 1883 777 1959 languet,
802 1883 826 1942 si
845 1883 988 1942 dicentem
1005 1903 1083 1944 nuno
1106 1884 1224 1943 feceris:
1255 1903 1317 1943 non
1344 1885 1387 1943 bis

280 1985 312 2042 in
342 1983 540 2042 calamitatem
570 1981 697 2056 incides,
730 1983 782 2042 sed
810 1984 909 2042 statim
933 1993 963 2042 te
991 1984 1119 2044 delebit?
1162 1985 1197 2063 b)
1214 1983 1292 2042 Tum
1315 2004 1386 2044 vero

281 2082 458 2160 respiciendi
475 2089 561 2140 erunt
577 2102 605 2140 r.
622 2087 653 2139 12
671 2091 700 2142 et
723 2082 770 2157 II,
790 2089 820 2156 13
845 2084 895 2142 ubi
912 2081 979 2142 cum
996 2094 1099 2162 aperte
1114 2085 1291 2144 Iudaeorum
1309 2083 1386 2144 cala·

281 2184 399 2244 mitates
416 2184 455 2242 ab
477 2181 615 2260 Assyriis
639 2192 764 2260 paratae
791 2185 851 2243 iam
876 2185 908 2243 in
932 2205 967 2243 eo
991 2205 1057 2246 esse
1086 2195 1119 2245 ut
1141 2186 1277 2246 desinant
1300 2207 1386 2262 prae·

201 2269 204 2274 ¹
281 2285 423 2358 dicentur,
441 2285 515 2342 haec
532 2284 755 2361 quoqueverba
772 2286 811 2344 ad
828 2287 1117 2364 eandemexigenda
1134 2305 1267 2345 normam
1286 2297 1386 2359 ernnt;

280 2385 407 2464 denique
424 2398 491 2443 muts
511 2383 541 2441 in
558 2383 616 2443 hoc
633 2404 720 2446 versu
736 2386 850 2464 relegat
866 2387 996 2464 legentes
1014 2388 1053 2446 ad
1071 2402 1137 2448 rtur
1157 2408 1186 2446 v.
1200 2391 1232 2461 l,
1256 2407 1335 2466 quae
1352 2389 1385 2447 de

280 2487 392 2548 Israele
408 2484 537 2544 valebat.
728 2561 738 2572 ὓ

332 2587 392 2647 Hic
414 2586 504 2665 igitur
524 2587 651 2647 idoneus
673 2589 830 2648 verborum
854 2607 958 2649 sensus
983 2597 1042 2648 est:
1081 2588 1160 2665 quid·
1175 2608 1247 2662 vos,
1272 2590 1384 2664 Iudaei,

281 2689 420 2766 cogitatis
438 2687 475 2746 de
491 2688 646 2772 Domino?
670 2689 811 2765 quidnam
828 2689 1060 2766 exspectandum
1077 2690 1115 2748 ab
1133 2707 1169 2750 eo
1187 2691 1384 2752 existimatis?

280 2792 432 2866 putatisne
447 2803 503 2848 vos
525 2789 585 2847 iem
601 2789 649 2846 ira
673 2805 728 2848 sua
749 2789 815 2848 iore
837 2789 1024 2851 exstinctos?
1051 2790 1217 2865 imovero,
1241 2792 1384 2869 Assyrios

280 2889 451 2964 exstinguet
467 2887 518 2946 ille
535 2896 626 2964 atque
643 2886 766 2948 delebit!
792 2909 830 2947 ne
847 2889 1024 2965 opinemini,
1047 2909 1113 2950 cum
1131 2910 1225 2968 nuper
1247 2891 1277 2951 in
1294 2911 1383 2970 angu-

280 2989 355 3048 stias
373 2997 402 3045 et
419 2987 597 3062 gravissima
619 2994 755 3063 tempora
775 2988 953 3064 incideritis,
976 2991 1073 3050 redire
1095 2992 1198 3050 eedem
1218 2994 1257 3052 ab
1281 2993 1384 3052 iisdem

280 3086 433 3157 hostibus3
464 3086 539 3159 imo,
564 3105 724 3164 numquam
744 3097 851 3148 contra
867 3109 922 3150 vos
944 3091 1064 3154 reducet
1085 3093 1205 3169 agmina
1229 3112 1299 3167 sua,
1322 3094 1384 3170 ipse

281 3185 439 3246 confestim
457 3185 514 3243 erit
531 3187 702 3246 devastatus
721 3190 931 3272 etusublatuse
948 3192 1060 3252 mediol
1084 3193 1170 3268 Quae
1183 3213 1248 3253 cum
1262 3195 1305 3253 ita
1317 3195 1383 3266 sint,

280 3306 369 3346 omne
385 3283 517 3346 Nahumi
538 3286 710 3346 vaticinium
732 3275 814 3350 hisce
834 3293 933 3352 verbis
957 3293 1102 3352 contineri
1126 3302 1156 3353 et
1178 3295 1384 3371 comprehendi

281 3388 431 3462 videmus,
455 3387 562 3466 quibus
578 3389 688 3449 anxios
711 3399 741 3450 et
762 3391 906 3454 sollicitos
923 3394 1101 3452 Iudaeorum
1117 3395 1233 3455 animos
1251 3396 1384 3456 conscla-

280 3499 376 3564 retur,
395 3490 601 3566 desperatione
617 3489 746 3551 deiectos
764 3491 803 3551 ad
820 3513 903 3570 spem
920 3503 950 3552 et
967 3495 1174 3554 confidentiam
1190 3505 1352 3555 revocaret.

332 3590 397 3650 Iam
413 3608 501 3663 vero,
520 3591 545 3651 si
563 3591 601 3649 ad
617 3592 758 3652 Israelem
774 3600 870 3652 totum
887 3595 1167 3672 respicere-uersum
1184 3595 1383 3673 intelligimus,

280 3711 427 3770 quaenam
449 3691 502 3750 illa
519 3692 657 3769 angustia
673 3701 734 3767 est,
758 3713 835 3772 quae
858 3695 949 3754 semel
966 3696 1084 3774 quidem
1106 3696 1216 3773 pressit
1232 3699 1383 3774 populum,

281 3811 336 3850 nec
359 3792 526 3869 repetetur?
568 3791 640 3851 Non
663 3812 752 3869 posse
773 3794 833 3854 nisi
854 3796 891 3854 de
908 3795 1066 3856 Sanheribi
1087 3797 1119 3854 in
1144 3806 1254 3856 terram
1272 3815 1384 3858 sacram

281 3893 446 3969 irruptione
463 3892 605 3966 cogitari,
624 3901 702 3954 recte
718 3895 793 3954 vidit
802 3895 992 3969 Maurentium
1009 3898 1147 3975 idemque
1164 3899 1225 3956 fere
1241 3899 1384 3957 hebraeus

281 3992 466 4052 limnoumrr
488 3991 643 4068 magister:
671 3987 758 4067 „non
785 3997 891 4054 tradet
905 3997 992 4056 vobis
1014 3997 1119 4056 ludam
1142 4003 1171 4056 et
1187 3997 1383 4068 Hierusalem,

282 4093 360 4151 sicut
376 4091 499 4150 tradidit
515 4092 600 4152 vobis
619 4093 718 4154 decem
741 4097 835 4156 tribus
859 4105 888 4154 et
904 4081 1113 4170 Samariam;“
1127 4081 1281 4175 ¹eiu-smodi
1298 4099 1385 4176 igitur

282 4191 502 4250 tribulationem
519 4211 579 4251 non
595 4194 700 4253 iterum
718 4196 861 4256 adversus
873 4197 1001 4259 Iudaeos
1018 4217 1197 4276 consurgere
1211 4199 1282 4258 dicit
1293 4207 1383 4268 vates,

282 4309 483 4370 necunquam
500 4294 695 4371 Assyriorum
718 4296 807 4356 etiam
824 4299 971 4360 exercitus
989 4310 1058 4360 ante
1075 4307 1180 4376 portas
1197 4301 1280 4360 urbis
1298 4299 1385 4359 collo-
