2966 5090
490 309 608 383 cml,
627 329 655 370 v.
669 313 782 370 bes-6.
1140 309 1185 380 13

75 499 181 556 Ierem.
201 495 320 569 XLVI,
339 500 373 554 28
392 496 496 556 eodem
513 495 603 556 effeto
620 495 768 555 clauditur
785 494 955 557 vaticinium
972 496 1186 576 dehegyptio-

74 619 140 657 rum
159 598 290 658 interitu.
325 597 468 658 Videmus
490 596 581 676 igitur
596 595 803 674 exstinguendi
819 605 998 674 potestatem
1015 617 1070 660 nee
1086 619 1185 660 uoces·

76 700 187 758 seriem
205 699 247 759 ibi
265 717 346 770 csse,
366 717 420 758 neo
437 699 477 756 cb
495 697 705 758 sententiarum
721 717 831 758 nexum
849 717 944 776 esque
960 718 1026 760 esse
1046 701 1185 762 idoneam

72 809 165 884 ¹utque
183 800 308 858 alteram
325 797 407 858 illem
423 799 572 860 insontem
589 799 772 872 declarandi,
790 800 940 874 impunem
958 800 1133 862 dimittendi.

125 901 214 976 Quae
230 919 297 960 cnm
314 900 358 960 ita
374 900 452 973 siut,
476 901 604 978 genuine
620 902 779 960 verborum
801 908 949 976 potestate
971 901 1092 975 moniti,
1116 919 1184 964 sua·

75 1004 163 1062 dente
185 1003 307 1077 insuper
335 1009 441 1079 aperto
470 1001 540 1061 libri
561 1002 653 1062 Ionae
681 1011 833 1078 respectu,
865 1001 1040 1064 hemistichii
1063 1002 1186 1064 huiusce

75 1105 169 1164 verbe
185 1121 245 1163 non
262 1103 300 1161 ed
313 1102 454 1162 Israelem
472 1103 525 1164 sed
542 1101 581 1162 sd
593 1102 739 1180 Assyrios
750 1102 928 1176 referamus,
946 1123 1013 1164 cum
1027 1103 1185 1176 Menum,

75 1203 547 1275 Knmnsuro‚Ksuunnn10ull.
583 1202 642 1278 Qui
664 1203 789 1264 alterum
813 1213 977 1281 sequuntur
998 1204 1185 1278 sententium,

76 1305 247 1382 oppositam
263 1304 312 1362 hic
327 1304 427 1364 versui
450 1305 581 1364 secundo
603 1321 738 1366 caussam
764 1303 865 1366 iudicii
881 1305 1008 1366 hebent:
1033 1325 1094 1364 non
1118 1325 1186 1366 scre

75 1406 174 1465 solum
192 1405 238 1464 dei
255 1405 405 1484 ingenium
422 1414 452 1464 et
466 1406 543 1466 iram
567 1414 600 1464 et
619 1405 779 1474 ulciscendi
801 1405 993 1482 cupiditatem
1015 1407 1048 1464 in
1071 1407 1184 1478 hostes,

74 1527 178 1566 verum
197 1506 319 1584 longum
336 1506 426 1566 etiam
444 1525 514 1584 erge
530 1515 648 1583 gentem
673 1525 758 1569 suem
775 1507 921 1580 animum,
947 1515 977 1566 et
999 1506 1185 1582 omnipoten-

74 1608 165 1681 tiam,
184 1627 247 1684 qua
262 1606 380 1666 solvere
395 1625 462 1666 cem
474 1615 591 1688 potest,
609 1613 639 1666 et
651 1606 901 1680 misericordiam,
919 1625 980 1683 qna
996 1606 1185 1682 exstinguere

75 1727 125 1768 eos
143 1721 174 1767 et
192 1707 291 1770 delere
307 1726 368 1766 non
384 1708 457 1767 vult
489 1707 574 1782 Quae
590 1707 660 1766 licet
675 1707 830 1783 praeclara
846 1707 887 1768 sit
903 1706 1061 1786 cogitatio,
1081 1706 1185 1766 cedere

75 1819 173 1868 tumen
192 1808 374 1886 argumentis
391 1827 483 1885 supra
498 1807 644 1884 expositis
660 1807 788 1868 debebit

124 1911 304 1984 „Hactenus
319 1917 418 1971 eutem
435 1909 556 1969 minime
572 1909 753 1982 declaretur,
772 1909 844 1986 quid
856 1907 939 1968 Deus
951 1917 1076 1968 acturus
1093 1909 1185 1968 modo

75 2019 168 2083 esset,
188 2010 236 2068 vel
254 2009 397 2070 adversus
410 2009 579 2082 Ninivitas,
598 2009 646 2068 vel
662 2009 806 2070 adversus
822 2009 967 2082 Iudaeos,
985 2011 1094 2070 nedum
1111 2011 1185 2087 quid

75 2112 184 2190 egerit,
204 2109 515 2172 sinemurensem
531 2127 597 2170 esse
609 2129 712 2170 vocem
729 2111 893 2187 prophetae
910 2110 1061 2171 laudantis
1074 2110 1184 2184 Deum,

74 2214 155 2290 quod
173 2212 212 2268 de
230 2210 365 2286 Assyriis
385 2210 490 2287 popuii
507 2211 553 2270 sui
570 2211 650 2272 ultus
668 2211 707 2270 sit
723 2210 877 2282 iniuriam
895 2211 947 2272 sed
964 2211 1059 2286 ipsius
1077 2220 1185 2271 netum

74 2322 101 2372 et
118 2311 231 2390 egendi
248 2311 325 2369 rutio
342 2310 473 2386 docetur,
492 2330 558 2372 cum
574 2319 710 2388 respectu
727 2311 805 2371 forte
822 2311 941 2390 quidem
958 2311 1061 2389 aliquo
1077 2313 1184 2374 adiu-

74 2415 166 2474 deeos
192 2412 244 2470 diu
265 2411 324 2472 ium
346 2412 468 2488 punitos
482 2455 489 2471 .
504 2455 512 2472 .
527 2455 558 2474 ..
582 2412 635 2472 sed
659 2412 749 2489 longe
776 2412 872 2490 magis
901 2412 939 2470 ed
961 2412 1063 2474 hostes
1087 2414 1185 2489 Assy·

73 2515 135 2574 n'os
153 2517 233 2573 etc.“
268 2512 439 2590 Mnucmus.

523 2765 547 2826 b
582 2766 738 2825 nub-s

124 2920 177 2979 Ad
194 2919 271 2978 hauc
288 2919 335 2978 dei
352 2927 489 2981 naturam
506 2918 691 2980 referendum
714 2924 775 2989 est,
799 2913 896 2992 quod,
920 2911 972 2972 ubi
988 2911 1124 2988 procedit
1145 2913 1186 2972 ad
1251 2925 1254 2932 ·

75 3020 300 3099 exsequendum
316 3020 458 3082 iudicium
470 3020 512 3095 (n.
524 3019 602 3097 tib),¹
616 3018 804 3080 exsiccentur
821 3016 928 3076 ardore
943 3015 1006 3076 ires
1023 3013 1087 3076 eius
1103 3033 1186 3074 mure

75 3132 104 3183 et
120 3121 226 3194 fluvii,
248 3122 371 3182 arbores
393 3129 424 3180 et
445 3137 558 3197 puseus
579 3120 775 3198 languescunt
791 3116 834 3193 (v.
849 3119 897 3196 4),
914 3117 1054 3190 universa
1080 3135 1186 3176 concu-

75 3225 148 3284 titur
171 3231 204 3282 et
231 3223 336 3285 misere
361 3241 428 3281 cum
450 3221 557 3280 incolis
582 3218 731 3278 exclamet
753 3227 834 3283 terre
856 3217 899 3293 (ν.
917 3219 963 3296 5);
991 3218 1035 3277 its
1057 3225 1091 3276 ut
1112 3217 1187 3279 nihil

74 3343 148 3401 prae
172 3322 238 3382 eius
260 3323 306 3382 ira
329 3331 409 3384 stare
432 3322 545 3399 possit,
576 3320 629 3399 qui
651 3321 837 3382 firmissimus
863 3336 953 3393 rupes
980 3318 1010 3376 in
1034 3316 1186 3392 pulverem

75 3423 243 3485 contundit.
701 3492 707 3498 ¹

125 3527 220 3586 Prius
237 3543 324 3599 vero,
348 3539 437 3603 quam
461 3524 500 3584 ed
524 3521 732 3600 explicandum
755 3520 833 3578 hunc
855 3516 988 3576 vaticinii
1010 3516 1187 3593 particulum

75 3629 270 3699 accedamus,
293 3625 492 3703 quaerendum
509 3624 642 3696 videtur,
671 3619 815 3699 quidnam·
835 3616 955 3676 omnino
978 3617 1051 3676 haec
1068 3617 1125 3678 sibi
1142 3617 1187 3676 di·
1285 3663 1287 3670 .

74 3730 166 3788 vinae
196 3727 348 3804 potentiae
370 3725 442 3786 velit
471 3724 640 3800 descriptio.
681 3721 850 3784 Nemeum
879 3733 1031 3788 caussam,
1059 3736 1098 3774 ex
1126 3735 1188 3792 qus

76 3829 225 3890 eiusmodi
242 3827 355 3905 aliquid
372 3836 424 3886 aut
440 3826 616 3902 praecedere
631 3832 685 3887 eut
702 3820 786 3900 sequi
808 3819 904 3881 soleat
920 3817 1134 3894 prophetarum
1151 3817 1189 3874 de

74 3931 196 3990 iudiciis
219 3929 327 3988 futuris
350 3928 430 3990 edita
452 3925 588 3998 oracula,
617 3933 697 3984 reete
719 3922 826 3982 viderit
849 3919 1005 3984 Ouumuus
1028 3916 1081 3993 (nd
1098 3913 1187 3978 Such.

75 4032 158 4104 XII,
178 4033 222 4107 l)e
248 4029 330 4102 „Ubi
348 4029 385 4088 de
400 4048 434 4090 re
450 4026 564 4086 difficili
581 4025 695 4102 egitur,
713 4024 772 4084 nisi
786 4029 923 4082 occurret
939 4019 1027 4078 nobis
1043 4019 1189 4078 immensu

75 4132 126 4190 dei
157 4131 306 4207 potentin,
337 4130 440 4208 friget,
471 4126 614 4206 quiequid
644 4125 731 4187 nobis
761 4121 980 4201 promittitur:“
1011 4117 1190 4180 dissentiunt

76 4243 180 4292 temen
203 4249 384 4310 magnopere
406 4230 598 4304 interpretes,
625 4224 703 4286 sitne
725 4223 865 4300 proprius
888 4239 990 4280 eorum
1007 4239 1110 4282 sensus
1128 4227 1189 4280 ste·

77 4333 223 4407 tuendus‚
248 4352 288 4394 en
311 4330 475 4390 translatum
498 4346 551 4408 Pe!
573 4325 805 4390 similitudinem.
842 4321 992 4396 Quattuor
1016 4321 1078 4379 fere
1098 4321 1190 4378 inter·
