2918 5098
251 255 297 324 9ss
657 257 733 316 Cnr:
748 257 809 351 III,
828 277 855 313 v.
874 257 949 314 1.·-7.
969 335 973 343 Ι

251 446 289 504 de
305 442 418 502 Babele
434 441 586 500 enuntiata
609 449 748 500 anostra
771 449 839 502 vate
862 441 899 500 ad
917 441 1078 514 Asstrem,
1104 443 1222 502 futurae
1237 443 1371 502 Babelis

251 545 339 625 quasi
357 543 563 623 praesagium,
582 544 727 602 translata
745 541 874 604 dicemus
887 541 906 602 ¹.
931 543 997 602 In'm
1014 563 1093 601 verov
1104 545 1284 604 luculentius
1303 544 1371 602 Na-

250 647 332 706 humi
349 665 437 704 voces
456 665 505 703 vv.
523 650 549 703 4.
568 648 585 702 5
603 651 800 703 resonuerunt
815 644 896 718 apud
913 643 1066 702 Ieremiam
1084 645 1178 717 XIII,
1196 667 1225 703 v.
1239 649 1297 716 22,
1317 643 1370 722 qui

250 747 422 820 lechoniae,
447 745 625 804 Iudaeorum
644 746 705 822 regi
729 753 758 802 et
781 744 868 802 matri
893 744 970 818 eius,
996 765 1062 804 cum
1085 746 1217 822 gentium
1238 755 1370 822 peccata

251 849 336 926 sequi
354 865 415 906 uon
432 847 637 918 erubuIssent,
665 846 788 904 eandem
806 846 995 920 praenuntiat
1011 864 1156 921 poenam,
1183 866 1278 924 quam
1296 865 1371 924 gen-

250 950 329 1010 tibus
347 947 502 1025 imprecati
520 957 606 1006 erant
623 947 786 1024 prophetae
802 947 932 1023 priores,
952 948 1101 1026 eteoclem
1113 947 1281 1018 meretricis
1296 965 1368 1006 con·

251 1053 356 1111 stituta
380 1049 524 1124 imagine,
551 1069 579 1108 v.
594 1053 627 1106 22
652 1057 797 1124 „propter
813 1047 1066 1119 multitudinem‚‘-‘
1089 1048 1203 1125 inquit,
1232 1039 1370 1124 ,pecca-

252 1164 350 1210 torum
366 1158 502 1221 tuorum,
521 1164 596 1222 priv
617 1167 676 1210 nn:
694 1149 748 1207 cir.
760 1167 852 1224 supra
868 1168 897 1207 v.
910 1154 944 1221 4,
963 1149 1139 1227 deteguntur
1152 1155 1293 1226 syrmata
1306 1159 1368 1218 tua,

251 1247 346 1325 uritur
374 1245 456 1327 itan,
480 1259 509 1308 et
526 1269 580 1325 per
597 1250 656 1308 vim
674 1251 823 1309 nudantur
840 1249 935 1308 calces
952 1255 1063 1322 tuae;“
1088 1259 1117 1309 et
1140 1249 1370 1308 accomodatius

254 1353 293 1410 ad
306 1359 410 1410 nostra
423 1352 515 1410 verba
530 1372 557 1410 v.
570 1353 618 1408 26:
638 1360 750 1429 „atque
765 1351 854 1410 etiam
866 1367 921 1427 ego
935 1351 1041 1428 detego
1052 1357 1193 1428 syrmata
1206 1359 1261 1408 tua
1277 1369 1368 1426 nuper

253 1453 362 1511 faciem
379 1461 476 1524 tuam,
494 1460 525 1510 et
543 1453 672 1510 cernitur
688 1451 850 1529 ignominia
868 1460 936 1524 tua,
955 1445 1044 1524 antip
1067 1456 1193 1514 ἥκων(
1262 1445 1268 1468 “

771 1727 798 1763 v.
818 1711 842 1762 6.

306 1859 348 1916 Et
360 1861 478 1915 coniecto
497 1875 581 1932 super
599 1867 624 1914 te
642 1857 841 1927 abominanda,
860 1866 1069 1915 eteontemtam
1087 1865 1113 1914 ta
1129 1857 1214 1914 reddo
1222 1875 1235 1923 ;
1254 1866 1283 1913 et
1301 1846 1367 1912 conl

254 1961 337 2016 stituo
356 1967 382 2014 te
400 1967 538 2031 tanquam
555 1959 704 2032 exemplar.
730 1957 801 2015 Non
829 1957 902 2016 satis
927 1966 988 2029 est,
1017 1966 1050 2016 ut
1067 1957 1200 2035 nequitia
1222 1957 1289 2016 eius
1311 1974 1365 2033 pu·

254 2058 329 2115 blice
347 2058 532 2131 denudetur,
552 2058 604 2116 sed
622 2059 834 2118 contumeliose
852 2058 941 2116 etiam
960 2067 989 2116 et
1007 2078 1072 2116 cum
1089 2058 1213 2116 infamia
1231 2059 1364 2116 omnium

253 2157 425 2233 conspectui
447 2158 615 2234 exponitur.
643 2171 730 2234 pipin
756 2159 845 2218 LXX
865 2145 1052 2237 βδέλυγμα,
1083 2177 1146 2231 res,
1169 2159 1252 2218 cuius
1265 2159 1365 2218 taedet

254 2259 399 2335 aliquem,
424 2259 590 2337 ubicunque
615 2266 769 2336 praeterea
786 2261 951 2332 invenitur,
976 2260 1057 2320 idola
1081 2260 1228 2337 significat
1250 2259 1363 2318 abomi-

254 2361 355 2418 nanda
371 2361 438 2419 Deo
458 2369 486 2420 et
504 2362 616 2438 populo
635 2361 715 2434 eius,
742 2370 771 2420 et
794 2379 987 2438 quaecunque
1012 2363 1052 2420 ad
1070 2381 1105 2420 ea
1121 2362 1285 2438 pertinent,
1311 2360 1362 2418 cir.

256 2462 355 2538 rneg.
375 2462 437 2534 XI,
456 2467 482 2521 5.
496 2463 603 2542 IReg.
622 2461 747 2536 XXIII,
767 2466 808 2521 13.
827 2468 875 2534 24;
900 2460 988 2522 Sach.
1007 2463 1068 2536 IX,
1086 2467 1117 2534 73
1141 2462 1219 2520 Dan.
1232 2462 1297 2535 IX,
1316 2466 1362 2531 273

254 2565 312 2622 hoc
329 2573 428 2622 autem
444 2564 511 2622 loco
531 2565 667 2640 specialis
681 2563 737 2627 illa
754 2572 902 2640 potestas,
927 2582 1017 2640 quam
1044 2564 1170 2622 retinere
1186 2564 1283 2622 Mrcn.
1303 2581 1363 2620 ma·

255 2665 325 2737 luit,
344 2665 466 2724 tolerari
484 2666 535 2724 vix
553 2671 670 2742 potest,
688 2683 742 2738 rme
760 2664 944 2741 comparatio
961 2681 1010 2723 vv.
1028 2664 1059 2737 I,
1080 2670 1112 2722 14
1136 2665 1212 2722 tanti
1228 2664 1363 2722 facienda

255 2775 300 2826 est
306 2787 314 2837 3
333 2766 393 2823 imo
411 2766 499 2842 longe
516 2769 677 2826 maximam
694 2767 887 2842 Interpretum
905 2765 997 2824 secuti
1014 2773 1130 2842 partem
1143 2765 1223 2841 apud
1236 2766 1362 2840 amplio-

255 2885 318 2924 rem
335 2865 582 2942 significationem
600 2867 745 2938 sordium,
765 2866 904 2928 stercoris
921 2885 1105 2926 remanemus
1115 2887 1123 2939 3
1142 2876 1275 2926 stercora
1285 2867 1361 2924 enim

256 2974 286 3024 ct
303 2967 406 3023 sordes
428 2967 458 3022 in
477 2967 606 3043 aliquem
629 2967 774 3026 coniicere
797 2985 944 3026 summum
965 2975 1143 3028 contemtum
1162 2977 1191 3026 et
1208 2968 1360 3026 infamiam

257 3071 359 3134 notat,
384 3065 427 3120 uti
450 3067 573 3146 proprio
597 3085 687 3126 sensu
711 3085 838 3142 sequens
862 3069 970 3129 asserit
995 3070 1134 3128 verbum:
1162 3062 1306 3146 pintan,
1335 3074 1362 3124 et

256 3171 435 3223 contemtum
453 3172 482 3222 te
499 3166 608 3239 reddo,
633 3185 667 3226 a·
681 3167 851 3226 contemtim
877 3176 973 3229 tecum
991 3189 1058 3246 ago.
1086 3165 1140 3233 522
1154 3168 1208 3226 -Pi.
1234 3179 1361 3230 contem·

256 3275 319 3325 tum
337 3265 461 3325 alicuius
478 3267 578 3327 verbIs
597 3288 621 3327 s.
634 3267 726 3340 Iactis
744 3269 926 3344 exprimere,
951 3272 1004 3330 cfr.
1028 3271 1085 3331 Ies.
1104 3272 1190 3343 XIV,
1210 3273 1252 3329 21.
1282 3271 1361 3330 Deus

257 3376 355 3427 autem
379 3387 455 3445 quos
479 3370 639 3428 contemnit
662 3369 715 3429 seu
737 3389 792 3446 pro
816 3372 909 3429 nihilo
927 3372 1017 3431 habet
1034 3373 1100 3449 (cfr.
1118 3373 1148 3445 I,
1165 3377 1197 3430 14
1219 3366 1295 3446 sulp
1317 3371 1361 3446 ³2)

256 3489 307 3529 eos
332 3469 496 3546 exstinguit
518 3480 608 3549 atque
625 3471 740 3530 evertit.
770 3489 844 3532 aar:
859 3484 975 3546 inerat,
1008 3481 1039 3532 et
1071 3473 1220 3534 constituo
1246 3479 1276 3529 te
1300 3480 1361 3530 tan·

257 3591 346 3648 quam
364 3573 526 3648 exemplar.
550 3591 605 3662 ³³5]
627 3573 659 3632 in
675 3587 773 3648 pausa
805 3581 876 3653 mn,
894 3573 1044 3650 singulare
1060 3575 1175 3634 formae
1188 3591 1282 3650 genus
1295 3593 1322 3632 a.
1334 3589 1362 3630 v.

256 3689 319 3732 :run
356 3681 401 3732 ter
434 3656 604 3750 praeterea⁸
622 3681 786 3750 repertum:
822 3674 898 3735 Gen.
924 3674 1016 3748 XVI,
1044 3679 1076 3734 13
1104 3695 1194 3736 sensu
1228 3673 1360 3743 vIsionis,

257 3779 270 3830 l
285 3771 367 3832 Sam.
385 3775 476 3848 XVI,
496 3777 626 3849 12310b.
644 3775 803 3849 XXXIII,
818 3781 849 3834 21
869 3775 991 3834 notione
1007 3786 1145 3854 aspectus
1152 3799 1160 3848 ;
1179 3783 1258 3834 recte
1276 3775 1362 3852 igitur

255 3874 344 3932 LXX
369 3875 511 3934 exhibent
537 3867 771 3959 παράδειγμα,
799 3885 828 3937 et
851 3878 979 3954 interpp.
1003 3879 1152 3956 plerique:
1185 3877 1361 3952 exemplum,

256 3975 466 4050 spectaculum.
501 3975 612 4038 Sensus
634 3978 666 4036 in
690 3987 831 4055 promptu
854 3987 913 4039 este
939 3979 1047 4052 „edam
1075 3981 1109 4047 in,
1139 3987 1177 4038 te·
1196 3978 1362 4053 exemplum

256 4076 403 4134 vindictae
422 4083 529 4152 tuae,‘t
547 4079 666 4153 Tuam,
691 4089 764 4154 „ut,
789 4081 906 4157 quoties
924 4081 960 4138 de
978 4082 1095 4157 magnis
1112 4078 1242 4157 peccatis
1260 4086 1312 4137 aut
1329 4077 1361 4134 de

310 4301 334 4361 1)
351 4299 410 4350 cn:
421 4301 532 4354 Kunrnnt
550 4307 641 4356 Ierem.
661 4307 686 4356 ll.
706 4321 738 4356 sa.
755 4309 860 4372 interpr.
879 4323 903 4370 p.
918 4307 975 4357 13⁷.
