2918 5098
274 313 344 384 118
663 311 861 384 omnm.
877 315 987 370 14-19.

271 511 366 581 perat
384 500 486 560 femin.
502 498 544 557 ad
560 496 689 571 Ninum,
706 498 750 556 uti
766 496 917 573 plerisque
934 515 981 554 vv.
997 495 1065 567 dd,
1083 503 1245 570 praeeunte
1261 495 1389 556 Hircuo-

271 619 376 678 rtrum,
396 601 492 661 visum
508 607 570 671 est;
589 617 684 675 neque
701 617 772 656 vero
784 597 948 656 inauditum
958 595 1018 655 tale
1031 595 1105 672 quid
1116 597 1197 672 apud
1209 595 1389 656 Nahumum

273 712 334 776 est,
359 711 450 780 atque
466 721 483 760 e
499 700 610 760 crebris
627 718 767 776 generum
784 699 916 770 vicibus,
941 715 1017 774 quas
1040 697 1073 754 ln
1097 697 1155 756 hoo
1169 697 1314 756 vaticinio
1336 699 1389 756 de-

272 803 492 883 prehendimus,
505 801 616 878 poterit
628 800 774 878 explicari
779 821 788 872 ;
803 798 994 857 nihilominus
1003 796 1387 872 assentiremusMaaoer

274 905 327 984 qui
343 902 511 964 int-absol.
531 921 597 961 oum
613 903 706 962 verbo
724 901 807 960 finito
826 900 1013 959 coniunctum
1030 899 1106 957 vidit
1122 898 1203 975 (Eur.
1216 899 1323 976 pllio,
1340 900 1386 977 b),

273 1005 452 1083 interposito
470 1003 674 1076 substantivo,
698 1001 756 1062 nisi
778 1002 939 1061 abhorrere
963 999 1112 1059 videretur
1127 1019 1147 1058 a
1165 1017 1304 1060 sermone
1320 1000 1387 1059 He-

274 1109 366 1168 braeo
383 1104 530 1166 eiusmodi
546 1123 594 1164 vv.
614 1103 798 1181 segregatim
821 1122 914 1180 quara
937 1102 1018 1178 apud
1039 1101 1122 1160 illam
1144 1100 1317 1176 explicandi
1339 1121 1387 1161 ra·

274 1209 386 1266 tionem
401 1223 596 1265 remanemus.
614 1233 652 1250 κ-
669 1205 734 1266 Iam
750 1223 822 1263 vero
839 1199 1221 1262 consentaneum'maxime
1246 1220 1328 1276 esse,
1354 1211 1387 1261 ut

275 1307 431 1385 proposita
459 1308 516 1366 hac
547 1306 676 1383 imagine
709 1305 895 1381 appellentur
924 1303 1061 1380 Assyrii,
1089 1313 1187 1379 neque
1214 1321 1303 1375 vero,
1355 1313 1387 1362 ut
1448 1352 1449 1360 ,

276 1409 483 1468 Iouaruauurr
507 1415 624 1467 secutus
647 1406 726 1465 haud
747 1407 843 1482 probe
865 1405 969 1464 statuit
984 1404 1164 1477 Mauortius,
1187 1403 1304 1479 ignem,
1332 1405 1384 1463 vix

276 1509 333 1569 erit
356 1510 445 1586 quod
460 1526 648 1579 moneamus;
680 1507 767 1566 'siouti
789 1508 924 1577 fueraut,
941 1557 943 1562 .
958 1505 1011 1582 qui
1034 1504 1082 1563 vel
1104 1504 1135 1562 in
1158 1504 1256 1581 prima
1279 1523 1385 1565 versus

277 1618 362 1688 parte
378 1610 513 1670 liuctoris
529 1607 789 1685 imagiue'Niuum
805 1607 888 1666 innui
906 1606 1107 1682 opinarentur.

730 1873 736 1892 ‘
794 1851 878 1920 ait.
928 1933 930 1936 Ι

326 2012 524 2086 Multiplicorti
541 2019 709 2068 mercatores
727 2020 788 2068 tuoe
803 2027 875 2085 proc
891 2009 978 2070 attilia
995 2009 1134 2066 coeloram
1147 2041 1183 2064 -,
1196 2010 1299 2068 liootor
1312 2011 1381 2068 diri-

275 2114 319 2187 pit
336 2121 363 2168 ct
379 2111 484 2168 auolat.
510 2108 708 2169 continuatur
724 2131 753 2168 r.
772 2111 908 2169 anteced>
922 2109 1081 2186 cogitatiot
1099 2109 1169 2168 licet
1184 2128 1246 2168 nou
1259 2130 1381 2170 numero

277 2211 373 2271 solum
390 2210 441 2270 sed
460 2211 568 2286 opibus
585 2210 674 2268 etiam
691 2221 720 2270 et
737 2210 848 2270 divitiis
866 2211 995 2270 viduaris
1011 2210 1222 2286 insuperabilis
1237 2230 1320 2286 esso,
1338 2213 1381 2270 ni-

275 2311 434 2372 hilomiuus
450 2310 648 2371 ineluetabilis
670 2320 700 2371 te
716 2313 861 2388 percutiet
878 2312 983 2388 plaga:
1007 2319 1112 2388 raptor
1136 2331 1158 2370 a
1172 2309 1307 2370 Domino
1327 2313 1381 2372 tibi

278 2413 456 2472 constitutus
474 2413 593 2489 diripit,
611 2419 642 2472 et
657 2421 830 2490 perpetrata
847 2412 1026 2488 spoliatione
1042 2413 1166 2486 avolat,
1180 2413 1266 2488 quasi
1284 2414 1381 2492 quoti-

277 2515 398 2574 dianum
415 2513 529 2592 aliquid
545 2533 600 2574 neo
616 2513 690 2573 satis
707 2533 798 2590 grave
815 2531 850 2572 ac
866 2513 986 2574 difficile
1001 2512 1128 2573 iecisset
1146 2559 1150 2564 .

328 2611 411 2690 iat,
427 2616 509 2676 cuius
526 2616 590 2674 rad.
615 2641 649 2668 ==
669 2610 738 2689 tn,
764 2622 957 2674 mercatorem
974 2614 1134 2691 signifieat,
1158 2615 1290 2675 maxime
1307 2635 1381 2688 eam,

277 2717 329 2795 qui
353 2725 583 2795 unguentorum,
607 2716 852 2793 margaritarum,
877 2715 1003 2774 vestium
1025 2715 1183 2790 pictarum
1196 2715 1382 2793 aliarumque

276 2837 374 2876 rerum
396 2818 594 2892 pretiosarum
618 2817 824 2876 commercium
848 2815 925 2893 agit,
950 2816 1003 2874 air.
1027 2815 1113 2877 Oaut
1128 2816 1191 2889 III,
1210 2821 1244 2888 ὃς
1273 2819 1380 2876 Erech.

276 2917 415 2988 XXVII,
441 2921 472 2974 13
490 2919 539 2990 ff.;
567 2919 666 2993 Apoo.
683 2917 806 2990 XVIII,
826 2923 866 2976 12.
885 2921 927 2974 13.
953 2916 1053 2975 LXX¹
1065 2927 1127 2975 nou
1149 2918 1224 2977 satis
1247 2927 1382 2977 adcurate

276 3003 472 3093 ἐπλήθυνας
491 3008 552 3085 τὰς
573 3009 741 3097 ἐμπορίας
768 3035 845 3090 σου,
856 3018 1000 3078 Hruuou,
1009 3017 1227 3095 negotiationes
1240 3027 1318 3093 tuas,
1331 3018 1381 3097 qui

276 3123 375 3173 tamen
393 3114 531 3189 apposite
548 3115 678 3186 monuit,
698 3132 791 3176 mauu
805 3136 865 3175 non
878 3127 992 3178 tantum
1006 3138 1071 3178 esse
1084 3119 1215 3192 „multos
1230 3118 1379 3180 habuisti“

276 3215 327 3276 sod
346 3213 479 3287 „multos
496 3212 608 3287 fecisti,
628 3215 725 3276 studio
743 3226 773 3276 et
789 3219 903 3279 artibus
921 3220 1151 3296 amplificasti;“
1175 3221 1250 3281 satis
1267 3222 1378 3281 anima

274 3315 378 3393 primis
395 3315 463 3376 inde
480 3316 665 3392 temporibus
679 3317 888 3378 intellexerant
904 3321 1039 3397 Assyrii,
1065 3321 1097 3378 iri
1115 3323 1292 3381 commercio
1310 3341 1377 3399 pro·

275 3426 341 3494 pter
359 3416 612 3495 opportunitatem
636 3419 715 3480 sedis
741 3439 811 3480 suae
832 3421 995 3480 maximum
1012 3421 1163 3498 potentiae
1186 3425 1320 3498 positum
1335 3425 1378 3482 iu·

275 3527 454 3578 crementum
479 3539 554 3580 esse.
573 3553 609 3564 -
627 3517 738 3580 Stellae
762 3523 911 3582 coelorum
934 3541 1024 3598 saepo
1045 3523 1077 3581 in
1093 3523 1124 3582 11.
1144 3542 1184 3583 ss.
1207 3526 1322 3584 abeunt
1349 3524 1377 3583 in

275 3620 495 3680 similitudinem
524 3621 693 3682 innumerae
723 3623 919 3684 multitudinis
943 3621 1019 3682 Gen.
1042 3623 1113 3696 XV,
1137 3627 1163 3683 t.
1195 3625 1307 3699 XXII,
1334 3631 1363 3684 11
1369 3645 1378 3697 ;

274 3721 396 3795 XXVI,
410 3728 443 3795 43
460 3724 520 3782 Ex.
532 3723 676 3796 XXXII,
692 3727 740 3795 133
758 3723 847 3783 Dent.
859 3725 891 3798 I,
907 3729 940 3782 10
956 3708 1023 3796 all3
1041 3725 1192 3802 singulare
1209 3734 1255 3786 est
1272 3736 1377 3798 autem,

275 3823 356 3899 quod
372 3831 552 3888 mercatores
563 3825 708 3882 excedere
724 3824 861 3884 dicuntur
875 3843 1029 3884 numerum
1042 3845 1160 3898 mrum,
1180 3825 1240 3885 'tou
1257 3829 1378 3899 annino,

274 3931 340 3982 oum
363 3922 496 3998 alioquin
517 3923 634 4000 legatur
662 3939 693 4013 3.
725 3925 790 3984 Iam
811 3944 882 3984 varo
899 3927 965 3985 intt.
983 3926 1072 4003 longe
1088 3927 1208 4002 plurimi
1225 3948 1245 3986 a
1256 3929 1378 4004 proprio

273 4030 476 4082 mercatorum,
496 4041 586 4084 sensu
611 4026 825 4099 discesserunt,
849 4027 916 4086 ideo
941 4027 1084 4100 forsitan,
1108 4029 1190 4102 quod
1213 4030 1380 4095 commercii
1448 4035 1449 4040 ’

273 4122 415 4206 laudandi
427 4123 538 4184 nullum
556 4125 604 4184 hic
620 4124 717 4184 locum
735 4146 800 4186 esse
818 4128 1020 4204 opinarentur.
1056 4131 1085 4206 l)
1103 4126 1216 4201 Cauv„
1236 4130 1378 4200 Craris„

274 4220 448 4297 Sounoua,
473 4223 602 4298 Gauva,
626 4225 749 4290 Kaous.
774 4229 972 4290 meroeuarioe
995 4237 1112 4305 emptos
1130 4238 1159 4287 et
1178 4230 1278 4291 socios
1295 4232 1379 4290 intel-

273 4321 463 4395 lexerunt3e
481 4326 588 4402 quibus
606 4327 828 4402 Kauuuumm,
848 4349 913 4389 curn
932 4330 991 4390 tale
1008 4329 1081 4407 quid
1098 4349 1163 4388 oum
1181 4332 1280 4392 forma
1298 4332 1378 4392 verbi
