2966 5090
395 278 420 353 8.
438 281 464 335 5.
490 277 541 336 Da
559 293 657 338 ausus
675 279 888 338 Assrmosuu.
1146 301 1200 343 xm
1245 263 1256 286 ’

79 463 245 546 stinctum,
275 463 352 519 hanc
379 462 471 542 igitur
493 462 670 520 sententiam
687 463 929 524 luculentissimis
947 467 1201 542 argumentisdu·

79 565 160 621 dum
178 581 325 638 apparere
342 561 501 620 refutatam
511 561 528 620 ¹.

156 663 221 722 Iam
239 671 273 722 ut
288 664 327 722 ad
345 663 443 739 prima
458 665 654 740 Assyriorum
671 665 758 724 initis
775 665 949 738 redeamus,
968 665 1113 744 originem
1130 685 1200 746 gen·

80 765 127 822 tis
145 764 183 822 ad
201 766 363 836 Assurem,
390 764 517 822 alterum
535 763 615 824 Semi
631 767 742 839 filium,
766 766 952 824 referendam
975 786 1041 826 esse
1062 770 1201 828 docemur

80 863 165 924 Gen.
177 865 223 937 X,
242 886 270 923 v.
284 870 325 922 21.
352 864 466 922 Ibidem
483 865 580 940 prima
598 885 699 924 eorum
718 868 781 924 fata
799 867 986 944 reperiuntur
1011 870 1197 946 consignata.

78 965 228 1041 Legimus
253 968 330 1024 enim
349 986 376 1024 r.
393 969 442 1038 10,
469 964 666 1040 Nimrodum,
689 977 888 1045 posteaquam
911 967 941 1026 in
959 969 1129 1047 Babylonia
1154 991 1199 1030 re·

79 1085 180 1143 gnum
203 1067 381 1140 condiderit,
406 1067 437 1124 in
455 1067 613 1144 Assyriam
634 1069 800 1144 profectum
813 1067 833 1143 ²,
858 1068 966 1128 linibus
990 1071 1107 1147 imperii
1130 1092 1199 1150 pro-

144 1277 171 1338 1)
187 1275 238 1326 Cir.
255 1277 380 1328 Hormo.
399 1277 432 1327 de
450 1277 520 1328 rebb.
537 1279 642 1340 Assyrr.
660 1297 685 1346 p.
699 1283 731 1332 28
744 1295 778 1332 ss.

141 1361 168 1423 2)
196 1369 238 1419 rai
261 1368 316 1428 inti
339 1369 423 1420 ’11128
446 1369 503 1414 tat*
525 1370 603 1415 arua
627 1371 776 1434 γἾΝιΤῑο,
799 1373 903 1416 eterra
919 1367 966 1417 ills
983 1369 1047 1418 exiit
1070 1370 1097 1418 in
1115 1373 1198 1435 Assy·

81 1447 154 1506 riam
163 1452 188 1493 et
199 1446 344 1495 aedificavit
353 1446 401 1496 ct.“
413 1444 457 1496 Sic
466 1446 545 1496 verba
555 1461 611 1497 esse
621 1449 755 1512 vertenda,
767 1450 853 1512 Canu,
866 1451 957 1514 Dura,
974 1453 1064 1515 Tuom,
1075 1453 1197 1517 Krousa,

80 1531 234 1579 Dsnrrzscrr.
257 1532 350 1580 secutis
375 1545 524 1594 persuasum
552 1533 626 1582 nobis
653 1541 699 1582 est.
739 1534 856 1584 Fuemnt
880 1543 966 1584 autem
996 1539 1039 1600 qui
1063 1539 1197 1601 Assurem,

83 1613 158 1664 Semi
175 1615 269 1675 illium,
295 1629 309 1663 e
327 1620 397 1663 terra
414 1613 508 1665 Sinear
531 1630 661 1680 egressum
679 1619 867 1682 intelligerent,
891 1635 905 1668 e
923 1620 1016 1683 quibus
1034 1624 1197 1673 nominamus

82 1700 176 1761 LXX,
192 1699 307 1761 Iessea,
325 1700 449 1762 Brauon,
466 1695 576 1761 Ruunt,
589 1702 681 1763 Lurn,
692 1703 821 1752 Hormus.
839 1704 882 1766 (de
892 1703 969 1754 ‘rebus
978 1706 1110 1769 Lydorum
1127 1723 1152 1771 p.
1163 1708 1197 1770 8),

82 1784 132 1834 cfr.
149 1783 237 1845 vaux,
260 1783 380 1834 Nineveh
403 1785 455 1834 and
472 1785 618 1849 Persepolis
641 1802 666 1850 p.
680 1788 709 1846 83
734 1787 826 1850 quibus
851 1803 903 1837 non
927 1793 1063 1853 tantopore
1085 1790 1198 1842 dixerim

82 1869 202 1930 obstare,
225 1869 295 1932 quod
317 1869 441 1919 hocloco
465 1869 498 1918 de
515 1870 644 1930 Hamitis,
667 1877 758 1934 postea
781 1871 885 1923 demum
910 1874 943 1924 de
967 1873 1071 1926 Semitis
1095 1875 1197 1938 dicitur,

82 1966 164 2015 quam
180 1967 283 2002 omnem
298 1969 325 2004 r.
338 1952 382 2003 9ΙΙΙ
396 1955 525 2004 rationem
542 1967 599 2003 esse
616 1957 787 2018 contrariam,
809 1959 902 2022 quippe
925 1960 951 2008 in
971 1975 1022 2022 quc
1040 1960 1196 2010 dominatio·

82 2037 126 2086 nis
147 2036 315 2087 Nimrodicae
338 2045 458 2088 narratur
480 2040 626 2101 initium,
648 2041 720 2088 cuius
746 2043 959 2093 continuatio
991 2050 1017 2094 et
1043 2057 1195 2107 progressus

83 2137 210 2185 nusquam
227 2124 338 2172 inveniri
354 2130 441 2187 potest
457 2124 506 2171 nisi
525 2123 565 2170 bis
584 2124 666 2173 verbis
684 2127 890 2188 comprehensus.
917 2130 999 2179 Porro
1017 2131 1069 2190 alii,
1088 2130 1196 2193 Ouarna,

82 2207 163 2256 Coss.
180 2219 198 2256 A
215 2208 324 2269 muns,
349 2207 481 2258 Prnrrrau
506 2207 594 2271 (dubia
611 2215 707 2259 vexata
723 2225 749 2273 p.
762 2209 805 2271 82)
825 2213 965 2273 „Assurem
989 2221 1092 2263 sumunt
1109 2231 1196 2280 perso-

84 2293 181 2341 naliter
197 2306 245 2355 pro
262 2293 316 2341 filio
327 2291 448 2342 Nimrodi
465 2294 509 2356 qui
527 2294 595 2358 apud
613 2295 735 2359 profanos
753 2297 897 2360 appellatur
910 2297 1009 2346 Ninus⁴⁸
1030 2327 1063 2335 -—
1080 2300 1108 2348 id
1126 2301 1196 2364 quod

83 2391 131 2440 per
147 2391 176 2425 se
193 2383 312 2426 constare
329 2379 418 2441 nequit
436 2384 461 2426 et
479 2379 611 2442 ingentem
629 2380 708 2428 etiam
724 2379 809 2429 verbis
830 2380 966 2443 caliginem
984 2383 1103 2434 offundit.
1139 2384 1196 2434 Nec

83 2462 169 2510 minus
185 2461 266 2524 igitur
282 2462 480 2526 improbandum
498 2470 550 2524 est,
568 2463 637 2526 quod
654 2462 825 2522 Quarunusnu
842 2465 943 2527 (Journ.
962 2467 986 2520 d.
1007 2466 1107 2517 Savans
1119 2469 1195 2528 1849,

82 2561 108 2609 p.
119 2546 181 2609 560)
197 2553 223 2594 et
239 2546 367 2597 Hurrsnn.
387 2546 404 2596 l.
416 2547 433 2595 l.
451 2547 512 2596 hinc
530 2547 579 2596 sibi
597 2546 718 2596 videntur
735 2550 841 2598 elicere:
863 2550 911 2609 „ab
929 2548 978 2597 hac
994 2551 1096 2599 colonia
1114 2549 1195 2599 Semi-

83 2633 154 2691 tica,
172 2645 237 2693 quae
253 2630 379 2680 Gnschitis
396 2633 424 2680 in
435 2631 609 2695 Babyloniam
626 2632 782 2681 irruentibus
799 2635 828 2682 in
840 2633 1006 2695 Assyriorum
1024 2633 1118 2683 finibus
1136 2649 1195 2683 oon-

84 2715 211 2777 sedisset,
228 2729 321 2766 nomen
339 2722 365 2764 et
383 2729 492 2778 regnum
505 2716 675 2779 Assyriorum
693 2717 790 2780 cepisse
809 2715 935 2766 initium.“
955 2715 1012 2764 Iam
1020 2732 1082 2766 vero
1091 2723 1195 2767 nostrae

82 2802 291 2864 interpretationi
309 2801 541 2865 exprobraverunt,
565 2800 592 2860 a)
610 2800 737 2864 siquidem
755 2809 839 2859 attam
858 2808 926 2851 esset
948 2817 1030 2852 accus.
1053 2803 1118 2864 loci,
1142 2817 1196 2852 ncn

83 2884 180 2934 debere
198 2884 288 2934 deesse
307 2886 453 2939 tt‘localem
472 2887 617 2948 (mursa,
636 2884 783 2948 Sonmnn,
799 2899 823 2936 v.
836 2885 961 2950 Bonnsu);
980 2895 1007 2937 ut
1019 2889 1099 2938 Trou.
1117 2887 1194 2950 (Gen.

83 2987 108 3034 p.
120 2970 172 3022 236
189 2970 288 3019 dudum
306 2973 415 3032 monuit,
433 2971 550 3020 imiliter
561 2972 689 3021 deessem
714 2973 790 3021 Dent.
809 2972 945 3034 XXVIII,
964 2973 1006 3023 68.
1037 2971 1126 3038 lReg.
1144 2972 1195 3034 XI,

85 3058 125 3104 17.
141 3055 291 3116 ΧΧΠ,37.
309 3055 396 3120 2Reg.
407 3057 449 3117 X,
461 3058 500 3105 l'l.
517 3058 580 3118 XV,
594 3058 639 3119 143
658 3057 702 3105 cfr.
716 3056 825 3106 Ewsuor
842 3058 966 3107 ausfribrl.
984 3056 1078 3108 Lebrb.
1096 3055 1120 3118 ᾖ.
1134 3058 1194 3122 288,
1294 3111 1300 3120 Ι

84 3155 114 3202 a,
131 3143 157 3189 1.
191 3139 218 3201 b)
235 3149 319 3196 'timer
337 3147 461 3204 tanquam
478 3143 592 3205 regionis
608 3156 704 3192 nomen
721 3141 838 3191 nondum
857 3150 948 3192 notum
971 3155 1028 3191 esse
1050 3140 1195 3206 legentibus

84 3232 172 3275 monet
188 3225 356 3286 Prsrrraans3
374 3232 479 3275 atvero
496 3226 606 3276 habetur
623 3242 655 3276 so
673 3241 750 3278 sensu
767 3228 809 3289 ΙΙ,
828 3229 862 3277 14
889 3235 973 3284 'triete
997 3213 1089 3292 tibist.
1125 3225 1195 3275 Reli·

85 3323 135 3372 qua
151 3308 251 3360 Pranr.
276 3317 428 3372 argumenta
451 3325 498 3375 pro
522 3311 603 3359 nihilo
626 3311 747 3360 habenda
761 3323 902 3361 censemus.
935 3309 992 3357 lam
1008 3322 1071 3357 vero
1088 3316 1194 3358 nostrae

84 3396 227 3444 sententiae
252 3402 354 3458 praeter
375 3402 553 3458 argumentum
576 3395 640 3444 illud
662 3410 739 3459 supra
762 3397 926 3458 indigitatum
950 3407 1106 3457 magnopere
1123 3393 1194 3442 favet

84 3477 109 3538 a)
135 3478 206 3542 quod
238 3484 296 3530 rega
313 3479 383 3531 baud
401 3493 460 3528 raro
479 3485 555 3528 sensu
572 3479 660 3529 hostili
677 3479 773 3529 dictum
796 3483 902 3544 legitur:
929 3480 1017 3544 egredi
1039 3482 1066 3528 iu
1089 3479 1193 3540 bellum,

84 3562 128 3611 cir.
147 3561 248 3612 BSam.
265 3562 320 3625 XI,
338 3567 361 3613 1.
380 3564 429 3613 Ies.
447 3563 539 3625 XLII,
559 3565 599 3614 13.
621 3564 663 3613 Ps.
681 3565 744 3626 Lx,
764 3567 804 3614 12.
840 3562 867 3624 b)
885 3564 997 3626 accedit,
1020 3561 1090 3626 qnod
1107 3563 1195 3612 Micba

83 3645 158 3706 11‚5
181 3646 278 3697 diserte
296 3651 431 3712 Assyriam
453 3656 529 3698 vocat
554 3657 649 3698 terram
671 3648 792 3698 Nimrcdi
815 3645 870 3707 (cir.
890 3649 1001 3698 curum
1026 3647 1089 3696 iiber
1106 3649 1195 3698 Micha

83 3747 106 3793 p.
122 3730 191 3792 172).
210 3758 244 3768 -
261 3731 391 3782 Docemur
408 3735 487 3797 igitur
504 3732 639 3797 Babylone
657 3733 775 3794 condita,
793 3732 948 3783 Nimrodum
958 3732 1068 3794 Assyria
1085 3735 1194 3795 potitum

84 3815 198 3864 Niniven
216 3822 248 3864 ct.
267 3816 432 3878 aedificasse,
456 3824 532 3881 atque
556 3818 623 3867 adeo
642 3817 775 3868 Cuschitas
800 3830 857 3868 cum
875 3816 990 3879 Assyriis
1013 3814 1118 3866 Semitis
1137 3831 1194 3865 esse
1249 3822 1253 3826 '

85 3901 249 3962 commixtos3
265 3901 294 3949 id
312 3902 380 3964 quod
398 3903 456 3952 aliis
473 3904 578 3968 insuper
595 3905 752 3966 argumentis
766 3903 847 3965 magis
860 3902 992 3964 magisque
1005 3900 1194 3964 comprobatur.

84 3984 128 4032 cir.
146 3997 226 4047 supra
242 4000 267 4049 p.
285 4001 358 4037 xxxv.
380 3987 528 4036 Drurrnscn.
547 3985 642 4038 Genea.
652 4005 677 4053 p.
688 3988 746 4037 223.
764 4013 799 4023 -
816 3985 938 4037 Ceterum
951 3986 1077 4034 memoria
1089 3983 1195 4046 dignum

83 4067 186 4118 ridetur
202 4075 232 4117 ut
249 4077 368 4121 notemus
385 4073 503 4121 Horrea.
520 4072 547 4120 iu
565 4073 631 4122 libro
650 4073 736 4139 paullo
754 4079 813 4135 post
830 4070 987 4121 recensendo
1006 4084 1030 4133 p.
1040 4069 1091 4117 244
1111 4075 1195 4124 riwes

84 4153 246 4217 interpretari
256 4169 385 4218 gressum:
407 4171 436 4218 „e
454 4157 577 4206 terrailla
585 4160 649 4208 exiit
658 4171 760 4222 gressus
770 4155 898 4218 aliquotl“
910 4181 941 4191 -
960 4153 1097 4203 Reiutatur
1110 4157 1196 4199 autem

85 4236 178 4287 idonea
199 4238 251 4288 loci
270 4241 485 4304 interpretatione
503 4241 614 4290 Drooorr
638 4250 664 4292 et
681 4241 824 4292 ammosa
848 4241 949 4303 opinio,
972 4237 1016 4302 qni
1034 4236 1196 4300 Babylonem

87 4323 166 4372 serius
184 4323 316 4374 conditam
334 4338 391 4374 esse
410 4339 486 4388 quum
505 4325 602 4376 Ninum
621 4327 770 4377 docuerunt.
789 4325 834 4376 cfr.
853 4325 931 4374 Tusa.
951 4321 997 4371 1.1.
