2918 5098
539 219 621 323 oti
626 263 671 338 11,
690 283 718 324 v.
733 269 756 323 1.
1153 263 1200 334 47

80 445 305 524 prehendatur.
333 447 474 507 Delibata
489 453 588 506 autem
605 447 678 508 baec
695 446 785 508 verba
802 464 868 508 essa
885 466 902 506 a
917 447 975 508 les.
985 447 1052 524 LII,
1066 455 1093 526 t,
1110 470 1203 531 supra

79 547 148 606 iam
171 545 321 620 diximns;
338 547 381 607 ibi
398 549 471 610 haec
488 549 549 608 lere
565 546 705 626 legimuse
723 567 835 626 „quam
852 547 967 625 pulchri
984 560 1053 612 sunt
1069 551 1101 612 in
1117 573 1201 614 mon·

81 648 174 708 tibus
192 647 285 725 pedes
302 649 411 722 nunni,
433 648 633 726 praedicantis
649 667 769 725 pacem,
793 649 957 710 nuntiantis
973 650 1099 726 bonum,
1115 672 1201 729 prae-

80 747 224 808 dicantis
240 749 384 823 salutem,
403 750 527 810 dicentis
541 749 643 808 Zioni:
660 756 766 828 regnat
782 750 855 810 deus
872 751 975 810 tuusl“
1011 750 1096 827 Quae
1110 757 1203 816 uerba

80 851 243 927 integram
265 851 423 910 conficiunt
444 849 621 928 particulam
637 851 810 929 magnificae
830 851 912 912 illius
928 851 1070 913 orationis
1085 873 1111 913 c.
1128 854 1199 914 LI-

82 952 165 1024 LII,
187 955 235 1023 12,
262 971 323 1029 qua
338 951 510 1028 depressum
527 971 580 1028 per
602 949 711 1010 iudicia
727 952 871 1028 populum
887 959 972 1012 vates
987 955 1137 1029 promissa
1153 975 1200 1016 sa·

82 1053 152 1112 luta
180 1059 211 1110 st
228 1051 342 1112 laetitia
364 1053 461 1130 erigit.
503 1052 595 1114 (luins
619 1051 826 1128 promissionis
848 1053 1023 1112 certitudine
1046 1073 1099 1132 per
1121 1075 1200 1116 com-

84 1152 341 1213 memorationem
357 1153 591 1231 omnipotentiae
606 1153 725 1214 divinas
742 1165 772 1214 et
781 1153 908 1214 Messias
920 1153 1056 1214 mittendi
1068 1157 1201 1218 stabilita

85 1252 134 1329 (v.
151 1253 272 1331 1-16),
295 1253 502 1331 praesagiente
524 1254 623 1314 animo
640 1254 756 1314 tristem
780 1261 810 1314 et
826 1254 999 1332 captiuitate
1015 1255 1202 1335 Babylonica

86 1353 241 1414 deiectam
262 1352 404 1414 Israelem
426 1339 588 1434 alloquitur
615 1375 644 1416 v.
666 1360 697 1414 17
714 1374 770 1416 ss.=
805 1355 910 1416 doletis
931 1356 1084 1432 hostibus,
1113 1359 1201 1418 sicuti

85 1453 260 1530 Aegyptiis
276 1462 308 1514 st
322 1455 474 1533 Assyriis,
491 1455 535 1516 ita
550 1455 617 1516 istis
634 1475 753 1534 quoque
770 1464 799 1516 st
821 1455 959 1516 omnibus
976 1457 1095 1516 amitino
1112 1459 1201 1518 liber·

86 1563 186 1614 tatem
215 1553 255 1614 iis
282 1563 312 1615 et
332 1555 543 1617 beatitudinem
565 1556 637 1615 olim
658 1556 826 1628 conciliari;
854 1565 998 1633 properat
1026 1558 1132 1620 deinde
1162 1560 1201 1618 ad

84 1654 272 1716 lansfissimi
286 1656 373 1718 huius
393 1657 451 1717 diei
468 1657 676 1735 cogitationem
693 1655 751 1716 LII
759 1698 768 1729 ,
785 1675 814 1716 v.
828 1660 860 1714 6:
894 1655 988 1730 „ideo
1009 1656 1128 1717 illudis
1151 1678 1200 1718 co·

85 1764 220 1835 gnoscet
243 1774 316 1833 gens
339 1777 406 1818 mea
427 1777 535 1818 nomen
560 1775 673 1830 meum,
695 1754 762 1816 ideo
785 1756 839 1816 illa
856 1755 919 1830 die,
944 1775 999 1834 ego
1022 1758 1101 1816 enim
1123 1777 1199 1834 sum,

86 1858 142 1935 qui
159 1857 313 1935 loquitur,
337 1879 372 1918 en
389 1859 480 1918 mel“
524 1857 641 1934 Quibus
658 1858 782 1917 vocibus
805 1877 871 1918 corn
889 1867 991 1934 aperte
1003 1869 1203 1937 praeparetur

87 1958 213 2018 notatio
232 1977 332 2018 earam
348 1977 463 2033 rerum,
487 1959 595 2038 quibus
612 1957 759 2038 cognituri
775 1959 834 2020 sint
849 1977 957 2018 nomen
974 1959 1020 2020 dei
1038 1978 1090 2020 seu
1106 1962 1201 2020 mani·

86 2059 298 2133 testationem,
317 2060 474 2120 confestim
490 2060 638 2140 sequitur:
657 2058 777 2135 „Quam
794 2059 910 2136 pulchri
920 2069 991 2120 sunt
1006 2061 1036 2120 in
1051 2061 1201 2122 montibus

87 2160 184 2238 pedes
196 2163 218 2194 “
243 2167 297 2220 etc.
346 2161 527 2222 Exclamant
554 2162 661 2222 deindo
682 2168 713 2221 et
741 2161 869 2222 iubilant
890 2162 1029 2222 custodes
1060 2162 1149 2222 simul
1172 2171 1201 2222 et

88 2260 212 2321 incolae
230 2261 327 2336 urbis,
350 2263 561 2323 redemtionem
579 2281 664 2324 suam
680 2262 885 2339 praedicantes
902 2282 931 2320 v.
944 2266 960 2322 8
973 2281 1013 2322 ss.
1057 2261 1201 2324 Videmus

89 2381 164 2440 ergo
182 2381 215 2420 v.
228 2366 303 2419 *rmum
320 2363 495 2424 necessitato
517 2363 620 2442 aliqua
641 2372 670 2422 et
691 2380 853 2440 progressu
870 2362 1013 2422 contineri
1035 2381 1101 2422 cum
1118 2371 1200 2422 ante-

89 2463 266 2522 cedentibus
289 2471 319 2522 et
341 2464 547 2542 sequentibus3
572 2483 608 2524 ac
631 2463 658 2524 si
674 2463 853 2523 conferimus
869 2461 1057 2534 Nahumum,
1082 2483 1099 2521 e
1120 2482 1200 2522 nexu

90 2564 239 2624 solutiore
254 2563 343 2623 facile
359 2565 547 2642 intelligitur,
571 2565 683 2624 iontem
700 2581 766 2624 essa
782 2561 925 2634 Iesaiam,
944 2563 1024 2620 unde
1038 2563 1131 2620 verba
1146 2563 1200 2622 illa

89 2665 268 2737 deduxerit3
285 2685 354 2726 nam
367 2677 397 2726 ot
410 2665 535 2726 recitata
546 2664 665 2726 bravius
678 2671 758 2736 sunt,
776 2671 805 2722 et
822 2661 1000 2722 arctioribus
1017 2662 1199 2722 circumscri-

91 2772 165 2841 ptus
185 2765 294 2826 finibus
316 2767 381 2844 ipse
403 2767 492 2828 etiam
520 2783 624 2826 sensus
645 2765 770 2826 videtur.
812 2762 926 2823 Iesaias
953 2762 1032 2822 enim
1055 2782 1199 2836 „omnem

90 2865 187 2924 futuri
210 2867 352 2944 temporis
378 2865 504 2928 salntem
528 2885 587 2926 nna
609 2866 696 2944 quasi
719 2864 816 2942 specie
839 2862 1076 2940 comprehendit,
1099 2863 1143 2924 ita
1166 2872 1200 2923 ut

90 2965 282 3026 strictissimo
300 2986 388 3028 sensu
405 2968 528 3028 effatum
545 2966 641 3044 possit
657 2965 806 3026 nominari
822 2965 1019 3037 Massianum,
1038 2965 1090 3024 cfr.
1108 2964 1198 3026 Rom.

89 3067 140 3140 X,
160 3069 209 3138 153
232 3067 310 3126 unde
332 3075 430 3128 tamen
448 3076 569 3128 eventus
591 3075 626 3126 nt
647 3066 690 3126 ita
706 3067 803 3128 dicam
829 3066 943 3143 praevii
960 3083 1021 3131 non
1037 3066 1199 3125 excludun-

89 3175 156 3240 tur,
183 3165 300 3243 qualem
322 3167 479 3228 Nahumus
501 3167 627 3228 Nicives
651 3167 772 3228 interitu
794 3175 932 3243 paratum
954 3166 991 3224 iri
1013 3165 1144 3226 intuetur
1157 3166 1198 3225 ¹.“

88 3269 194 3346 Atque
216 3268 290 3328 haec
314 3269 433 3346 quidem
464 3269 541 3328 ratio
567 3269 733 3345 praemissa
755 3267 862 3328 vocula
889 3281 950 3328 uun
978 3266 1199 3342 quodammodo

87 3367 281 3444 indigitetur,
299 3389 377 3447 quae
392 3370 558 3446 promissos
575 3369 647 3428 olim
662 3367 782 3427 nuntios
800 3367 905 3425 adesse
918 3364 1004 3442 quasi
1016 3365 1047 3422 in
1059 3374 1199 3442 promptu

89 3467 233 3528 ostendit.
276 3472 319 3528 At
340 3488 412 3530 vero
429 3470 594 3531 ihrzrcws
603 3469 623 3542 ²,
649 3476 845 3544 posteaquam
862 3462 1027 3526 Haustus³
1048 3466 1199 3542 quondam

89 3568 255 3642 dubitavit,
285 3579 384 3630 utrum
412 3581 547 3632 nostrum
576 3589 615 3630 an
636 3568 750 3630 Iesaiae
778 3565 949 3626 vaticinium
975 3564 1059 3641 prius
1089 3565 1199 3624 editum

91 3679 190 3742 esset,
207 3669 276 3728 ideo
293 3672 468 3748 praesertim
480 3670 623 3744 Iesaiam,
642 3669 690 3728 vel
706 3668 807 3746 potius
823 3664 958 3727 fictitiam
970 3665 1053 3724 illam
1066 3664 1200 3724 Pseudo-

89 3769 208 3830 Iesaiae
230 3770 357 3846 speciem
380 3773 515 3834 hausisse
533 3792 549 3832 a
565 3770 705 3832 Nahnmo
730 3768 787 3830 sibi
810 3765 974 3845 persuasit,
998 3763 1069 3842 quia
1094 3783 1201 3842 parum

145 4045 171 4107 1)
187 4045 295 4096 Kourna
317 4047 439 4097 Ieremias
461 4046 488 4097 ll.
512 4059 546 4096 ss.
573 4047 699 4112 interpres
726 4052 803 4111 atque
826 4043 921 4095 vindan
941 4058 1005 4110 pag.
1019 4042 1069 4094 140
1082 4055 1130 4104 ss.;
1155 4039 1199 4092 cfr.

92 4129 221 4182 Ksamsar
239 4123 335 4194 plat.

146 4215 171 4275 2)
188 4215 287 4265 Gomm.
305 4215 333 4264 in
350 4215 402 4264 Iss.
419 4230 445 4279 p.
456 4215 515 4264 471.

145 4298 172 4359 3)
188 4298 338 4351 Demonstr.
354 4299 453 4364 Evang.
470 4299 578 4364 Propos.
592 4297 641 4360 IV,
658 4297 752 4361 paca
