2918 5098
511 313 585 374 Cur.
598 315 660 390 ΙΙΙ,
680 335 708 376 v.
722 321 748 374 8.
1108 313 1176 386 101

71 500 99 558 'n
131 492 222 563 abiah
240 505 401 558 exmueos
418 499 520 560 hostes
538 499 629 560 olent.
645 512 691 542 -’
699 499 759 579 IV)
775 495 954 560 Gnseurus²
971 500 1079 562 deinde
1090 501 1179 580 Sey·¹

72 599 214 660 thorum
231 599 428 676 irruptionem
446 601 485 660 ab
502 600 659 662 Herodoto
676 610 828 662 narratam
843 601 927 660 illam
942 602 1110 678 intellexit,
1127 622 1179 666 ou·

71 701 114 760 ius
137 707 199 760 tum
224 701 340 760 ineerta
361 709 452 779 etque
473 702 589 762 lubrica
610 709 640 760 et
661 702 735 762 fides
763 701 883 765 omnino
906 711 937 762 et
957 712 1074 780 tempus
1102 704 1178 778 eet’,

70 801 119 862 vix
148 810 183 860 ut
205 802 334 861 eonferri
360 801 391 860 in
423 812 572 862 certamen
588 802 696 863 valeat.
720 835 757 848 -—
781 803 824 881 V)
845 802 911 862 Neo
941 804 1098 864 defuerunt
1126 805 1179 883 qui

70 901 414 980 Carthaginienses
450 903 540 964 etiam
564 903 664 962 induei
691 923 782 980 posse
810 906 973 981 probarent
1001 904 1177 981 (Hennam,

69 1001 244 1064 Suessano
261 1003 281 1062 l.
299 1003 335 1082 L)
352 1023 413 1062 uno
430 1003 578 1066 sublevati
594 1005 747 1064 hunum
763 1004 984 1080 Mamertino,
1003 1005 1056 1084 qui
1072 1007 1177 1066 urbem

68 1103 305 1181 Hecatompylos
327 1125 346 1163 a
368 1105 481 1166 Poenis
512 1105 584 1164 olim
612 1113 816 1184 expugnatam
846 1105 952 1179 tradit3
980 1107 1089 1185 quihus
1116 1107 1177 1168 nist

68 1206 246 1281 respondere
263 1204 294 1263 in
312 1204 413 1264 animo
431 1215 559 1266 osteum
577 1205 720 1266 Gesnuro
737 1207 812 1268 thes.
830 1227 858 1268 a.
876 1224 906 1266 v.
921 1224 975 1281 tu,
999 1208 1090 1268 aliam
1114 1209 1177 1268 ior·

67 1317 147 1364 tasse
164 1305 328 1383 significari
345 1305 475 1368 eiusdem
492 1307 622 1367 nominIs
638 1309 752 1380 urbem,
770 1308 844 1368 satis
861 1308 918 1368 erit
938 1309 1103 1382 monuisse,
1122 1309 1177 1368 du·

68 1406 148 1466 bium
164 1407 240 1466 illud
257 1406 294 1466 de
311 1415 372 1466 tam
388 1415 505 1468 remota
521 1408 699 1484 antiquitate
721 1409 922 1470 testimonium
943 1409 1053 1469 idoneo
1074 1428 1176 1470 carere

68 1516 225 1567 momento.
248 1541 284 1551 —
309 1507 368 1587 VI)
390 1508 528 1586 Denique
549 1508 628 1567 inter
650 1527 717 1582 eos,
750 1510 802 1586 qui
822 1509 1015 1586 praeteritam
1043 1509 1176 1587 aliquam

67 1609 181 1670 alodem
212 1627 231 1668 a
260 1617 330 1668 vate
359 1609 469 1686 respici
499 1609 686 1681 existimant,
715 1610 846 1668 maxime
869 1610 1177 1670 omniumaberravit

65 1711 270 1782 secernens,
300 1728 367 1770 oum
393 1717 512 1788 oaptam
537 1729 559 1770 a
578 1707 829 1770 Nehuesdnezare
854 1709 1033 1787 intelligeret
1059 1711 1175 1782 urbem,

67 1819 157 1889 atque
187 1811 264 1870 adeo
293 1808 481 1883 Nahumum,
511 1829 578 1870 oum
607 1818 714 1887 postea
743 1810 925 1887 scripsisset,
955 1810 1126 1887 prmdietae
1155 1829 1175 1870 a

66 1912 193 1972 Ieremia
209 1923 239 1970 et
250 1911 406 1972 Ezechiele
422 1911 515 1972 eludis
533 1919 564 1970 et
578 1911 700 1972 iamiam
717 1912 869 1972 confectae
883 1910 1022 1972 extitisse
1037 1911 1157 1970 testem!

115 2014 181 2072 Iam
199 2030 269 2072 vero
287 2011 327 2070 ad
342 2013 462 2090 singula
477 2021 654 2090 argumenta
667 2013 738 2086 illa,
762 2033 779 2072 e
803 2013 911 2090 quihus
928 2012 1062 2090 siugulas
1082 2011 1175 2072 iuter·

66 2122 183 2191 pretam
207 2112 363 2190 opiniones
383 2114 597 2190 improbandas
616 2133 682 2174 esse
694 2114 841 2188 diximus,
859 2113 988 2188 secedit,
1007 2112 1088 2192 quod
1106 2122 1176 2174 aute

67 2214 200 2277 Nahnmi
219 2222 346 2274 aetatem
363 2215 484 2275 Thebas
500 2233 561 2274 nou
579 2233 645 2276 esse
661 2223 850 2293 expugnatas
873 2223 964 2292 atque
986 2214 1100 2274 dirutas
1123 2233 1174 2274 ne·

68 2336 125 2394 que
139 2315 257 2376 ineolas
272 2314 304 2374 in
315 2315 524 2392 eaptivitatem
541 2316 701 2388 abductos,
726 2335 766 2374 ex
781 2315 856 2393 ipsis
872 2315 1093 2393 Aegyptiorum
1110 2333 1174 2374 mo·

67 2416 215 2476 numentis
231 2424 365 2490 onustat,
383 2435 510 2494 quorum
526 2417 643 2476 iudiciis
660 2415 967 2494 magnifieentissimae
984 2416 1066 2475 urbis
1078 2415 1173 2476 histo·

67 2519 113 2580 ria
128 2517 204 2578 satis
220 2517 384 2578 laonienter
400 2516 587 2590 eonfieitur³;
605 2535 733 2594 quorum
749 2516 926 2576 auotoritate
938 2515 1089 2588 doeemur,
1107 2515 1173 2584 nul·

67 2620 127 2682 lam
143 2619 269 2680 alieuius
284 2619 427 2679 momenti
443 2619 557 2678 eisdem
574 2617 702 2695 eogitari
717 2635 809 2694 posse
824 2625 894 2676 ante
911 2614 1121 2693 Cambysem⁴.

117 2720 206 2796 Quae
222 2739 288 2780 eom
304 2719 349 2780 ita
364 2721 440 2794 sint,
458 2739 571 2797 pauens
587 2719 656 2779 illos
672 2718 825 2796 sequimur
840 2719 1035 2795 interpretes,
1060 2716 1112 2794 qui
1127 2715 1174 2774 fu-

69 2832 166 2884 turam
194 2821 365 2880 Thebarum
393 2822 546 2882 somenam
571 2820 806 2898 praenuntiatam
837 2819 989 2891 viderunt,
1018 2817 1174 2890 Hmnom,

70 2925 327 2997 Tnnononsnuu,
350 2921 528 2996 Crnrnnurr,
553 2921 731 2993 Uoconium
759 2921 918 2981 verborum
940 2919 1032 2996 igitur
1060 2917 1177 2976 formae

69 3045 124 3102 pro
137 3023 319 3102 propheticis
332 3043 410 3102 quae
422 3024 505 3082 aiunt
517 3023 686 3100 praeteritis
699 3023 853 3082 habendae
865 3030 960 3080 eruum
983 3018 1092 3096 Neque
1103 3034 1175 3078 vero

63 3147 103 3200 ,eo
120 3126 181 3186 illis
198 3124 318 3186 nomine
334 3125 528 3198 assentimur,
555 3126 636 3203 quod
659 3133 769 3184 eertum
794 3124 839 3183 illi
857 3122 1008 3200 quandam
1022 3119 1177 3197 indigitori

5 3243 9 3266 ³
69 3226 319 3305 expugnationem
336 3226 560 3298 existimarunt3
577 3226 638 3286 imo
656 3225 790 3303 Aegypti
802 3234 893 3303 ceput
905 3221 1178 3300 splendidissimum

70 3330 191 3388 omnino
213 3327 251 3386 iri
272 3347 408 3388 eversum
433 3328 570 3400 docetur,
594 3327 685 3404 idque
707 3335 769 3386 tam
791 3346 811 3386 a
833 3325 997 3402 cambyse,
1022 3341 1113 3400 quam
1137 3322 1176 3380 uh

69 3430 136 3492 uliis
153 3428 292 3506 deinoepe
310 3429 462 3501 omnihus,
487 3429 538 3505 qui
555 3427 676 3487 Thebes
698 3445 831 3504 unquam
853 3427 1082 3495 destruxerunt,
1105 3439 1176 3480 oon·

69 3532 179 3592 foetum
194 3538 248 3590 est.
326 3573 331 3578 -

117 3633 263 3692 Videmus
278 3631 370 3710 igitur
385 3629 502 3690 duabus
518 3648 558 3688 ex
568 3627 682 3690 caussis
693 3627 866 3687 Thebarum
877 3625 980 3687 afferri
992 3623 1178 3699 exemplum:

69 3735 211 3811 primum,
235 3751 272 3792 ne
294 3739 402 3792 natura
422 3729 496 3790 Nini
513 3739 544 3790 et
561 3730 668 3806 opibus
686 3728 807 3806 Assyrii
824 3726 988 3805 quidquam
1005 3734 1110 3786 eontra
1126 3723 1179 3782 de·
1303 3770 1313 3787 ,

70 3836 211 3896 stinatum
228 3834 285 3894 sihi
302 3833 397 3892 fatum
413 3832 514 3892 valere
531 3829 751 3910 existimarent3
776 3841 839 3890 tum
855 3847 944 3902 vero,
967 3845 1004 3886 ne
1028 3825 1098 3904 quis
1117 3822 1181 3882 ihre

121 4114 147 4175 l)
162 4111 216 4162 Cir.
234 4111 366 4163 Hallisohe
383 4111 618 4176 Ititeraturaeitung
637 4111 712 4173 1841,
730 4109 782 4160 No.
794 4111 817 4158 1.

118 4197 145 4259 2)
162 4197 194 4247 F.
212 4199 246 4250 Α.
265 4195 377 4248 Srnruss
395 4195 475 4260 Zeph.
497 4196 571 4262 proli.
590 4211 613 4262 p.
627 4192 695 4244 xlx
707 4208 740 4243 ss.
763 4191 911 4246 Dsurraeou.
923 4190 991 4242 Hah.
1010 4203 1033 4254 p.
1045 4185 1148 4238 XVIII.

120 4281 147 4342 3)
165 4281 219 4332 Cir.
235 4281 321 4332 ereu
338 4281 427 4332 Brieie
446 4297 491 4334 aue
511 4283 576 4346 Aeg.
597 4297 618 4346 p.
633 4279 683 4330 272
703 4292 735 4328 ee.

121 4365 219 4425 4),0fr.
237 4365 333 4418 ibidem
352 4381 379 4430 p.
393 4367 452 4418 276.
