2966 5090
516 327 587 385 Cor.
602 325 632 399 l,
652 347 679 386 v.
695 328 805 386 eb-e.
1163 327 1208 397 15

101 515 186 588 inde,
206 514 233 573 si
251 511 395 572 translate
412 512 492 570 dicta
508 519 665 588 potantur,
682 531 759 590 quac
775 509 916 588 legimus,
935 529 971 570 es
987 514 1115 588 primum
1131 518 1210 578 ratio

100 625 165 688 est,
191 625 224 674 ut
241 633 326 673 suam
345 613 474 691 quidque
495 613 605 674 hebere
621 621 800 690 potestatem
818 611 1012 690 symbolicam
1029 615 1209 690 existiment,

100 735 180 794 quae
196 714 355 791 multiplici
370 714 409 773 V.
423 713 471 772 Ti.
488 733 543 773 usu
562 733 741 792 magnopere
758 715 978 790 comprobatur.
1017 715 1210 778 Transfertur

99 818 181 875 enim
198 817 279 875 haud
295 834 381 888 raro,
404 824 438 873 ut
460 835 499 873 ex
522 816 666 892 exemplis
690 825 738 876 sat
755 815 855 874 multis
871 825 1011 892 apparet,
1035 836 1090 894 per
1106 819 1209 878 simili-

98 919 235 976 tudinem
252 935 335 974 mare
352 917 389 974 ad
406 924 510 993 gentes
527 917 583 975 deo
600 917 801 990 adversarias,
819 917 900 975 fluvii
914 915 953 975 ad
965 915 1075 978 victum
1092 927 1122 978 et
1137 921 1208 981 sub-

98 1019 196 1092 sidia,
225 1025 386 1094 tempestas
411 1017 448 1075 ad
472 1017 672 1076 calamitatum
697 1017 925 1090 vehementiam
954 1018 994 1077 ad
1022 1021 1208 1080 atrocitatem

97 1119 277 1177 iudiciorum
302 1119 412 1190 nubes3
442 1117 559 1192 Basso,
585 1117 753 1191 Carmelus,
778 1117 911 1180 Libanus
939 1127 1077 1178 amatum
1105 1123 1208 1183 mundi

98 1238 247 1278 summum
265 1220 411 1292 referunt,
436 1228 553 1278 montes
576 1237 668 1295 regna
684 1217 848 1292 mundana,
871 1239 961 1296 rupes
979 1221 1105 1299 denique
1121 1240 1206 1299 prae-

98 1320 210 1378 sidinm
227 1327 257 1376 et
273 1318 428 1396 refugium.
463 1318 570 1397 Neque
588 1331 680 1393 esset,
698 1319 769 1397 quin
791 1319 839 1378 hic
856 1339 975 1398 quoqne
991 1321 1137 1382 eiusmodi
1154 1326 1206 1383 ad-

97 1421 282 1478 mitteremus
307 1419 529 1493 similitudines,
552 1420 610 1480 nisi
635 1421 666 1478 in
688 1420 785 1478 medio
810 1421 1022 1480 sententiarum
1044 1439 1206 1500 progressu

94 1543 124 1581 v.
142 1522 188 1580 5b
213 1521 295 1579 orbis
313 1528 456 1578 terrarum
482 1539 548 1580 cum
567 1521 673 1580 incolis
689 1521 752 1580 suis
768 1521 891 1596 proprio
915 1539 1003 1580 sensu
1020 1523 1206 1600 appellaren-

94 1633 161 1696 tur,
180 1621 226 1682 sic
242 1629 380 1698 pergeret
395 1641 425 1679 v.
439 1625 497 1695 Ga,
516 1629 546 1680 et
562 1623 605 1680 sb
623 1621 784 1682 secundum
799 1621 883 1680 illam
900 1640 1036 1680 normam
1052 1624 1207 1684 exhiberet

91 1741 200 1782 rursus
218 1721 387 1798 imaginem.
421 1721 525 1799 Longe
542 1723 639 1782 minus
657 1721 745 1780 etiam
762 1722 885 1795 idonea,
901 1721 979 1780 licet
996 1721 1126 1782 eiusdem
1143 1725 1206 1784 fere

93 1823 215 1902 generis
233 1824 287 1896 sit,
306 1841 407 1882 eorum
424 1821 571 1882 sententia
587 1832 646 1896 est,
665 1821 717 1899 qni
734 1841 795 1881 non
808 1822 962 1883 universas
978 1824 1125 1900 quasdam
1138 1845 1204 1903 spe·

92 1927 171 1998 cies,
198 1925 251 1983 sed
275 1931 372 1982 certos
394 1924 523 2001 populos
546 1932 576 1982 et
596 1942 681 2000 reges
702 1922 882 2001 imaginibus
904 1923 964 1986 illis
981 1924 1133 2002 indigitsri
1150 1947 1204 2004 per

92 2025 271 2104 allegoriam
289 2025 430 2098 doceant,
450 2025 540 2084 veluti
551 2024 703 2084 Israelitas
715 2024 988 2104 (Tnnononnrus),
1006 2023 1204 2088 Senberibum

90 2126 307 2204 (Karnana),
340 2125 485 2203 Assyrios
519 2124 699 2204 (Euneon),
734 2125 1016 2186 Nebucadnesarem
1045 2128 1203 2208 (Anam).
1266 2183 1277 2203 x

90 2231 122 2302 4)
140 2226 275 2304 Propius
299 2227 388 2285 etiam
409 2225 553 2286 accedunt
574 2228 613 2286 ad
630 2227 799 2301 veritatem,
824 2227 875 2305 qui
897 2247 959 2286 non
980 2228 1011 2286 iu
1028 2246 1126 2288 rerum
1149 2247 1202 2290 na·

90 2339 176 2402 tora,
203 2328 309 2387 sedin
332 2345 419 2386 sensu
442 2335 472 2386 et
494 2327 600 2388 animis
623 2345 725 2386 eorum
742 2327 848 2387 confici
868 2329 922 2388 ills
943 2329 1059 2401 dicant,
1082 2331 1134 2408 qui
1158 2331 1205 2391 ira

89 2429 197 2490 divina
214 2435 421 2500 exerceantur,
440 2428 551 2506 quippe
569 2429 621 2506 qui
637 2445 749 2504 angore
766 2437 828 2487 tam
844 2428 956 2504 ingenti
973 2430 1152 2504 crucientur,
1171 2441 1204 2492 ut

89 2530 224 2590 titubare
241 2537 271 2588 et
288 2529 410 2590 delicere
429 2531 486 2590 sub
504 2529 630 2605 pedibus
647 2528 745 2588 solum
762 2529 920 2603 opinentur
937 2537 974 2590 ct.
993 2539 1031 2586 ct.
1067 2529 1156 2604 Quod
1173 2541 1203 2592 et

88 2633 216 2692 insitum
239 2630 350 2690 nostris
374 2629 480 2690 animis
505 2647 585 2702 esse,
610 2635 640 2686 et
661 2627 765 2686 sentiri
788 2628 867 2685 haud
884 2647 968 2698 raro,
991 2628 1042 2686 ubi
1058 2630 1202 2706 gravibus

90 2751 190 2809 genos
218 2733 377 2793 humanum
407 2731 574 2791 concutitur
602 2729 738 2801 casibus,
774 2729 991 2788 concedendum
1022 2738 1083 2801 ost;
1113 2730 1202 2789 facile

89 2843 194 2893 tamen
211 2831 401 2909 intelligitur,
428 2832 453 2892 si
470 2831 605 2910 ingentes
621 2830 785 2907 prophetae
801 2829 997 2908 cogitationes
1014 2830 1135 2890 deberet
1151 2851 1201 2890 ae·

88 2953 202 3012 quare,
225 2934 304 2992 bunc
326 2933 582 2993 seusumniminm
600 2939 743 3010 quantum
765 2931 830 2992 fore
853 2931 1094 3010 exaggerandum
1111 2939 1201 3012 atque

87 3033 342 3111 amplificandum.
383 3065 386 3070 ·

140 3133 239 3195 Suum
263 3134 354 3212 igitur
376 3135 485 3212 cuique
504 3133 613 3193 rationi
641 3135 763 3194 subesse
786 3153 889 3192 verum
920 3133 1068 3210 videmus,
1099 3137 1201 3196 deesse

86 3248 193 3296 tamen
211 3235 343 3312 aliquid,
360 3244 394 3294 ut
410 3234 657 3312 magnificentiam
673 3235 832 3294 verborum
847 3236 969 3312 assequi
986 3237 1094 3296 valeat.
1121 3237 1201 3311 Quid

85 3338 153 3398 ita?
185 3337 344 3396 tenendum
361 3344 430 3394 ante
447 3336 548 3394 omnia
571 3355 741 3409 censemus,
764 3354 822 3394 nou
845 3335 1037 3394 meditatione
1053 3337 1154 3413 aliqua
1171 3345 1202 3396 et

86 3438 218 3499 consilio
234 3437 373 3497 inventas
389 3456 409 3495 e
425 3435 654 3514 vate'imagines
672 3455 751 3508 esse,
778 3444 813 3493 ut
828 3444 924 3496 certas
942 3436 1087 3513 quasdam
1103 3437 1201 3495 invol-

85 3548 195 3600 verent
219 3539 349 3616 species,
376 3539 429 3598 sed
453 3537 572 3598 oblatas
596 3538 623 3596 ei
647 3555 701 3614 per
724 3536 878 3596 visionem.
922 3535 1000 3594 Turn
1024 3556 1100 3596 vero.
1119 3536 1199 3595 miri-

85 3643 146 3700 fica
170 3639 240 3712 illa,
267 3649 344 3717 qnae
364 3639 396 3697 in
420 3639 633 3716 prophetarum
648 3636 813 3697 visionibus
829 3643 889 3708 est,
914 3635 1008 3725 divini
1032 3637 1155 3712 spiritus
1171 3645 1201 3696 et

85 3740 205 3819 ingenii
219 3740 342 3799 humani
364 3740 492 3808 societas
509 3739 654 3817 quaedam
675 3747 706 3798 et
729 3735 896 3796 communio
913 3735 1129 3794 consideranda
1144 3746 1200 3812 est,

86 3861 168 3919 quae
192 3841 337 3918 eiusmodi
363 3847 423 3914 est,
452 3848 488 3898 ut
515 3839 665 3916 segregari
691 3839 816 3898 alterum
840 3837 878 3897 ab
906 3837 1000 3896 altero
1022 3835 1201 3914 cogitatione

85 3941 198 4002 nostra
214 3959 273 3998 non
283 3939 397 4018 possit.
421 3940 580 4000 Postremo
598 3940 832 4018 dignoscendum·
844 3957 961 4015 semper
977 3935 1200 4016 erit,'quonam

87 4043 181 4102 modo
200 4041 266 4116 ipse
282 4041 481 4114 intellexerit,
505 4061 582 4118 quae
599 4040 688 4116 vidit,
707 4048 806 4114 vates,
830 4057 890 4118 quo
908 4059 963 4100 sna
985 4039 1017 4098 id
1033 4047 1130 4098 mente
1148 4057 1201 4097 ex-

88 4141 225 4218 ceperint
247 4141 416 4216 lsraelitae,
445 4161 505 4219 quo
535 4141 661 4220 denique
688 4141 719 4198 in
748 4141 879 4199 omnium
902 4140 1042 4217 deinceps
1072 4148 1202 4199 aetatum

87 4241 294 4302 convertenda
311 4260 396 4301 usum
416 4242 581 4301 videantur.
608 4241 724 4316 Quibus
737 4259 776 4298 ex
793 4241 949 4318 principiis
967 4259 1112 4317 quaenam
1131 4260 1201 4300 con-

86 4343 208 4402 ficiatur
224 4342 373 4402 sufficiens
392 4352 421 4402 et
437 4343 546 4401 idonea
563 4342 708 4402 sermonis
725 4341 891 4417 prophetici
913 4341 1008 4414 ratio,
1033 4360 1092 4400 non
1110 4341 1201 4399 inter·
