2918 5098
273 292 342 364 126
647 292 720 353 One.
734 293 794 367 III,
819 311 847 353 r.
863 297 972 350 14-19.

273 497 486 559 saepenumero
505 479 541 538 de
557 479 730 555 pastoribus
747 485 777 536 et
793 477 916 538 ducibus
933 477 1044 538 dictum
1062 497 1121 538 una
1137 497 1203 536 cum
1232 493 1309 554 tntu,
1328 480 1384 538 cfr.

269 585 322 644 Ps.
341 583 435 656 XXI,
453 587 480 640 4.
506 581 563 640 Ies.
581 580 620 653 V,
637 585 680 638 27.
698 579 784 652 LVI,
804 584 851 652 103
875 587 980 638 notare
997 579 1075 639 solet
1089 579 1297 641 lassitudinem
1315 599 1385 640 oum

274 703 380 744 somno
395 691 617 758 comparatam,
631 699 719 758 quam
739 677 849 740 Graeci
860 681 935 740 benc
945 679 1138 740 reddiderunt
1149 701 1178 739 v.
1190 673 1385 754 νυστάζεινς

273 805 366 863 quare
382 785 441 842 hoc
457 801 577 860 quoque
593 782 661 840 loco
678 801 789 840 meram
807 781 1016 859 negligentiam
1039 789 1068 840 et
1091 781 1297 842 lassitudinem
1319 783 1387 858 ple-

271 887 358 964 rique
380 905 435 961 per
457 884 554 944 somni
579 883 799 944 similitudinem
822 883 1016 959 significatam
1041 895 1233 959 acceperuut,
1263 903 1312 942 ex.
1336 903 1384 961 gr.

272 988 383 1058 Mrem,
402 986 581 1058 Knmusrrr,
599 985 742 1058 Kanum,
760 984 863 1042 Maur„
881 983 947 1056 all.;
965 991 1086 1044 atvero
1104 1003 1169 1044 cum
1188 1003 1277 1044 versu
1293 1005 1386 1060 prae-

272 1089 394 1148 cedente
411 1088 500 1146 duces
517 1087 607 1162 plane
623 1088 785 1146 habeamus
803 1085 967 1145 exstinctis
992 1093 1082 1162 atque
1104 1085 1238 1146 funditus
1255 1086 1384 1160 deletos,

270 1190 443 1267 languidum
465 1205 647 1266 magnopere
668 1194 763 1260 esset,
782 1185 808 1244 si
831 1205 930 1246 merus
946 1186 1008 1244 iam
1037 1205 1159 1246 somnus
1182 1195 1211 1246 et
1233 1187 1384 1248 lassitudo

274 1291 439 1350 adderetur.
464 1289 536 1348 Alia
561 1297 607 1348 est
628 1295 741 1361 autem,
772 1306 866 1365 eaque
881 1287 971 1364 lunge
993 1287 1102 1347 fortior
1131 1287 1310 1362 similitudo,
1343 1289 1384 1347 ad

274 1411 364 1471 quam
381 1391 560 1450 transfertur
577 1391 716 1461 verbum,
735 1387 841 1448 mortis
858 1388 942 1461 dico,
960 1387 1003 1446 uti
1020 1388 1145 1451 habetur
1161 1388 1214 1452 Ps.
1232 1390 1331 1463 XIII,
1354 1395 1382 1447 4.

273 1493 423 1565 LXXVI,
441 1497 457 1548 6
466 1513 475 1564 ;
492 1491 549 1550 Ier.
567 1491 624 1564 LI,
642 1493 686 1549 39.
703 1494 737 1548 57
744 1511 753 1562 ;
777 1509 902 1566 eamque
917 1497 997 1552 recte
1012 1497 1180 1548 statuemnt
1195 1491 1381 1563 Tflaouom,

274 1594 428 1654 Haesura.
454 1593 615 1652 Pastorum
631 1600 731 1652 autem
746 1591 905 1668 imaginem
921 1609 1065 1666 persaepe
1086 1590 1243 1653 transferri
1266 1593 1305 1650 ad
1328 1611 1384 1650 eos

272 1704 405 1768 constat,
425 1712 551 1771 quorum
576 1713 664 1752 curae
686 1693 815 1769 populus
838 1691 1033 1768 permittitur,
1055 1692 1109 1750 cfr.
1126 1692 1183 1752 Ies.
1200 1693 1312 1767 XLIV,
1331 1697 1383 1763 283

272 1797 375 1856 Mioha
392 1797 430 1868 V,
447 1801 466 1854 4
482 1795 532 1854 all.
558 1793 715 1854 Masoulini
742 1794 857 1870 generis
881 1795 1006 1866 suffixa,
1035 1792 1178 1852 feminina
1205 1795 1267 1854 iam
1299 1789 1384 1854 exci-

273 1897 400 1973 pienda,
426 1895 600 1954 nominatim
623 1895 775 1971 appellato
792 1913 856 1970 repe
874 1895 1008 1970 Aauprdua
1030 1894 1227 1970 explicantur.
1259 1912 1384 1973 atrurn,

272 1997 437 2074 magnifici,
463 2014 602 2072 proceres
620 1997 671 2054 cfr.
689 1996 737 2067 II,
755 2000 789 2068 7,
817 2005 887 2055 suut
902 1994 1035 2072 proximi
1051 2015 1070 2052 a
1084 2011 1173 2071 rege,
1200 1997 1252 2074 qui
1275 1996 1384 2070 populi

273 2097 447 2174 colligendi,
473 2096 652 2170 instruendi,
678 2096 800 2172 regendi
822 2115 923 2155 curam
948 2096 986 2154 ad
1010 2113 1062 2154 eos
1080 2096 1194 2156 detulit.
1221 2097 1297 2172 Quo.
1310 2096 1383 2156 loco

273 2198 398 2271 collato,
423 2197 475 2256 vix
497 2216 564 2256 cum
582 2195 725 2270 Garevm,
748 2197 868 2270 Meum,
892 2197 983 2256 Hrrz.
1007 2215 1130 2272 caprum
1152 2199 1251 2276 gregIs
1275 2199 1384 2256 ducem

272 2299 496 2377 intelligemus,
517 2313 589 2374 tritri
612 2314 683 2362 mire
710 2298 813 2358 Ierem.
837 2298 939 2370 XXV,
963 2301 1007 2358 34.
1046 2313 1107 2374 tntu
1134 2299 1270 2360 Hlsaou.
1293 2319 1384 2375 prae-

273 2401 414 2478 gnantius
431 2399 562 2460 reddidit
577 2398 808 2474 „sepelientur.“

326 2509 403 2570 iuthi
425 2504 544 2578 dispcrsi
560 2510 642 2573 aaut,
659 2500 680 2560 f.
697 2499 755 2560 Ni..
767 2500 852 2562 unica
864 2501 998 2560 hocloco
1011 2502 1118 2575 obvia,
1135 2501 1244 2578 plurali
1257 2521 1385 2560 numero

274 2605 462 2664 coniunctum
479 2621 544 2662 oum
567 2601 643 2678 sing.
665 2618 747 2681 aar,
771 2603 852 2679 quod
877 2609 986 2662 temere
1008 2603 1144 2662 nonnulli
1166 2603 1205 2662 ad
1232 2603 1386 2662 exercitus

272 2706 426 2766 notionem
443 2704 642 2780 restringunt,
660 2712 693 2762 ut
710 2711 831 2764 notetur
849 2703 996 2779 populus,
1020 2723 1112 2764 unum
1130 2723 1165 2762 eo
1186 2722 1282 2781 usque
1307 2723 1386 2780 quo-

274 2808 433 2869 dammodo
451 2825 576 2883 corpus,
593 2805 655 2864 iam
672 2804 802 2866 disiectis
824 2805 965 2864 membris
986 2805 1099 2866 fractus
1121 2805 1218 2864 iacere
1241 2804 1386 2882 (Horra).

274 2909 410 2968 Eandem
431 2909 509 2966 hanc
530 2906 629 2984 gregis
652 2906 804 2983 dispersae
824 2905 1045 2972 similitudinem
1066 2907 1191 2983 legimus
1214 2905 1384 2966 institutam

275 3005 572 3079 Num.xxv11,t;
598 3006 700 3082 llteg.
712 3008 830 3079 XXII,
851 3011 899 3079 173
925 3005 1013 3068 Saoh.
1030 3007 1125 3081 XIII,
1145 3013 1170 3066 ⁷.
1199 3009 1312 3068 Montes
1330 3025 1384 3082 ap-

275 3107 439 3182 pellantur,
458 3106 489 3164 in
506 3105 614 3182 quibus
631 3107 770 3165 trucidati
787 3107 899 3184 passim
916 3107 1048 3180 iaceant,
1068 3109 1138 3186 quia
1155 3128 1194 3168 ex
1210 3107 1337 3185 planitie
1355 3118 1385 3166 et

276 3206 478 3284 magnitudine
494 3207 642 3280 locorum,
661 3207 713 3266 ubi
728 3207 940 3268 nullumdatur
952 3210 1115 3287 refugium,
1131 3210 1163 3269 in
1173 3210 1286 3270 inculta
1297 3228 1383 3268 mou·

277 3308 351 3370 timu
378 3315 408 3368 et
436 3307 613 3368 convallium
643 3309 829 3372 securitatem
857 3309 958 3370 miseri
978 3311 1024 3370 illi
1046 3311 1254 3388 confugerant3
1286 3319 1319 3369 et
1340 3310 1383 3368 ibi

276 3411 365 3470 etiam
382 3409 623 3486 persequentium
643 3410 779 3472 manibus
796 3410 875 3472 caesi
892 3421 970 3471 sunt.
996 3411 1187 3472 consimilem
1203 3411 1381 3472 sententiam

276 3511 441 3572 exhibitam
456 3511 583 3588 legimus
604 3511 636 3570 iu
652 3513 807 3588 praeclaro
825 3513 989 3574 Ezechielis
1006 3513 1123 3572 cantico
1140 3513 1177 3574 de
1193 3521 1380 3590 praeteracto

275 3613 360 3690 regni
373 3613 530 3690 Assyriaoi
547 3612 721 3688 splendore,
741 3632 765 3672 c.
784 3613 895 3672 XXXI
901 3635 910 3686 ς
930 3613 980 3672 ubi
993 3615 1091 3674 Assur
1107 3623 1298 3691 comparatur
1315 3632 1381 3673 cum

276 3715 375 3789 cedro,
390 3723 420 3772 et
432 3714 615 3790 praestantia
629 3714 692 3774 eius
704 3723 733 3772 et
745 3714 964 3790 magnificentia
974 3714 1094 3774 uberius
1107 3715 1256 3792 descripta
1269 3735 1298 3774 v.
1307 3718 1378 3785 1-9,

277 3816 411 3893 sequitur
427 3815 543 3874 eversio
561 3823 590 3874 et
607 3815 766 3874 destructio
784 3834 812 3874 v.
823 3819 912 3872 11-17
921 3837 929 3887 3
948 3835 1007 3893 quo
1025 3816 1057 3874 in
1073 3834 1181 3893 genere
1198 3816 1278 3876 canit
1294 3835 1324 3875 v.
1333 3819 1378 3873 12:

277 3917 330 3991 „in
347 3915 496 3974 montibus
520 3924 549 3973 et
570 3915 708 3976 omnibus
739 3916 924 3976 convallibus
946 3917 1114 3976 oeciderunt
1135 3917 1211 3977 rami
1239 3917 1319 3988 eius,
1351 3923 1379 3974 et

277 4016 421 4076 confracti
455 4023 524 4074 sunt
558 4017 668 4075 surculi
695 4017 757 4076 eius
785 4017 816 4074 iu
843 4017 980 4077 omnibus
1009 4018 1082 4077 rivis
1107 4027 1204 4078 terrae
1238 4022 1299 4076 ct.“
1327 4015 1379 4073 cfr.

276 4116 417 4188 XXXII,
431 4119 481 4172 22:
506 4115 569 4188 „ibi
585 4116 689 4195 (iacet)
707 4119 803 4177 Assur
820 4127 850 4176 et
867 4119 963 4177 omnis
986 4119 1142 4178 multitudo
1166 4119 1243 4191 eius,
1266 4118 1299 4175 in
1324 4115 1379 4175 cir-

277 4217 357 4276 cuitu
373 4216 437 4276 eius
454 4217 592 4293 sepulcra
608 4237 727 4290 eorum;
751 4237 853 4280 omues
877 4221 1028 4297 percussi,
1052 4219 1103 4298 qui
1127 4220 1295 4280 ceciderunt
1316 4218 1378 4294 gla-

277 4317 358 4376 dio.“
377 4351 410 4360 —
431 4333 515 4394 popu
538 4332 613 4396 put,
640 4339 689 4378 uec
706 4331 748 4378 eet
773 4325 823 4396 qui
846 4323 960 4396 colligat
983 4321 1138 4394 disiectos,
1161 4322 1262 4382 ovium
1285 4320 1378 4378 instar
