2918 5098
505 289 578 350 (lar.
593 291 623 364 l,
642 309 670 350 v.
686 295 727 348 10.
1121 289 1165 361 31

63 478 131 538 cari.
152 479 195 536 At
212 483 299 534 erunt
315 475 469 548 nimirum,
487 476 539 554 qui
556 493 622 534 cum
637 473 813 536 Ksnmsno
825 475 1026 553 respondeant
1035 482 1080 553 (p.
1088 481 1169 558 245):

65 580 130 651 „his
151 578 321 654 refragatur
342 577 484 650 historie,
516 595 593 654 quae
620 593 729 636 novam
755 577 816 636 illis
841 579 896 637 sub
920 578 1170 640 Assarrbaddoue

64 680 219 756 contigisse
242 678 410 754 angustiam
432 678 535 755 utiquo
561 683 731 750 testatur;“
762 685 791 736 et
814 678 921 739 fuisset
943 679 1081 738 nimirum
1105 681 1169 740 Ma·

64 781 156 840 nassis
183 779 325 838 abductio
353 778 531 854 gravissima
554 777 727 852 calamitas,
752 779 811 838 nisi
834 778 970 840 sollicitis
992 780 1170 840 Iudaeorum

64 881 165 940 animis
184 889 214 939 et
232 880 466 955 asportationum
484 879 745 958 captivitatemque
761 879 1037 956 pertimescentibus
1047 882 1170 959 gravior

64 983 164 1041 finisset
180 981 263 1054 vise,
282 999 372 1058 quam
390 988 454 1038 erat
470 999 583 1040 revera.

109 1082 276 1141 Audiamus
306 1081 434 1157 denique
461 1081 639 1141 Lurnsnuu
667 1081 741 1140 haec
770 1081 990 1158 disputantem:
1033 1079 1170 1159 „Sophi-

63 1193 125 1242 stae
140 1201 244 1242 omncs
259 1181 338 1240 hunc
362 1182 460 1240 locum
476 1188 651 1240 tractarunt
695 1180 800 1242 Torsit
823 1182 912 1241 etism
936 1199 1039 1244 omnes
1061 1184 1168 1243 mirum

63 1285 93 1341 in
112 1284 237 1342 modum.
276 1283 349 1342 Fuit
364 1292 463 1342 autem
480 1261 530 1343 eis⁸
540 1283 658 1344 occasio
674 1281 933 1343 innumerabilium
951 1284 1168 1362 quaestionum.

64 1384 219 1444 Tractatus
238 1392 283 1444 est
299 1384 389 1442 etiam
405 1403 425 1444 a
441 1384 587 1462 Magistro
604 1383 824 1445 senmutiarum.
850 1382 910 1445 Sed
926 1403 982 1444 nos
999 1385 1053 1444 illa
1069 1386 1171 1445 omnia

63 1485 134 1544 nihil
149 1485 342 1544 morabimur.
384 1484 521 1544 Breviter
537 1483 614 1544 hanc
630 1493 704 1561 puto
721 1503 788 1546 esse
804 1485 964 1561 genuinam
981 1487 1169 1558 sententiam,

64 1587 147 1664 quasi
169 1587 263 1645 dicata
302 1584 480 1646 Satisfecisti
498 1595 545 1659 tu,
562 1605 618 1644 rex
634 1585 845 1662 Assyriorum,
864 1584 1028 1644 devastasti
1044 1603 1169 1661 regnum

63 1687 168 1758 Israe13
199 1687 275 1746 satis
297 1687 359 1746 iam
380 1687 549 1764 imperasti,
572 1686 631 1745 iam
655 1703 716 1746 non
739 1685 892 1744 adiicietur
918 1683 1073 1744 tribulatio
1098 1685 1168 1758 alia,

63 1807 120 1847 non
137 1789 233 1848 sinam
250 1795 283 1845 ut
299 1805 407 1864 pergas
425 1785 610 1849 devastando
628 1785 848 1859 etiaqudam‚
867 1784 1014 1864 siquidem
1031 1785 1171 1844 liberabit

63 1909 125 1947 eum
141 1888 293 1976 Dominus
310 1907 329 1946 a
351 1888 558 1964 tribulatione,
582 1907 659 1966 quae
682 1887 742 1946 iam
767 1887 915 1962 imminet,
938 1887 1002 1947 alia
1021 1901 1094 1946 vero
1117 1905 1170 1948 eos

63 2010 117 2049 non
134 1987 395 2066 comprehendet.“

572 2263 601 2301 v.
621 2246 663 2300 10.

109 2392 189 2450 Nam
210 2409 296 2467 usquc
316 2391 362 2449 'ud
381 2393 479 2467 mirus
496 2393 641 2467 perpleai,
661 2401 689 2450 et
703 2399 737 2448 ut
759 2391 826 2448 uiuo
848 2407 898 2447 suo
915 2388 1062 2458 mabriuti,
1087 2389 1170 2446 dauo-

62 2503 176 2564 rantur,
201 2493 322 2568 stapulas
339 2493 440 2550 andos
455 2495 562 2562 instar,
575 2494 730 2550 romaum
763 2488 903 2547 Priorum
921 2489 1079 2546 verborum
1095 2486 1169 2545 ima-

63 2595 158 2671 ginem
176 2594 268 2652 refert
283 2593 345 2652 iere
362 2593 513 2652 variarum
527 2589 806 2668 interpretationum
819 2595 1010 2664 conspectus,
1029 2604 1108 2666 quae
1123 2594 1171 2644 tot

63 2697 254 2768 exstiterunt,
280 2703 312 2752 nt
333 2709 505 2752 enumerare
529 2710 647 2764 omnes,
670 2689 846 2767 praesertim
868 2687 1044 2748 arbitrarius
1060 2686 1170 2745 multas

29 2774 32 2783 ¹
63 2804 93 2854 et
116 2795 231 2869 futiles,
255 2795 550 2873 longumvidestum
576 2793 671 2852 multa
686 2809 736 2852 vv.
759 2789 809 2850 dd.
833 2796 998 2848 commenta
1020 2787 1171 2864 congessit

63 2897 342 2955 annsnourrrus
359 2916 387 2954 a.
405 2895 435 2954 h.
452 2896 489 2966 l.;
512 2895 668 2954 Kanum
684 2911 712 2952 a.
730 2891 759 2951 h.
778 2891 798 2950 l.
815 2889 1052 2953 emendationum
1069 2895 1170 2948 textus

67 3006 173 3056 temere
190 2996 388 3056 adhibiturum
405 3014 543 3055 acervum
560 2995 690 3054 exhibet.

110 3098 285 3174 Exponitur
308 3095 491 3156 laetissimae
511 3093 719 3173 promissionis
742 3099 801 3153 v.9
826 3110 948 3154 caussa:
976 3109 1038 3150 uon
1063 3089 1171 3148 iterum

66 3198 202 3276 angustis
216 3199 254 3268 ab
263 3197 399 3276 Assyriis
412 3197 566 3274 parabitur
575 3194 692 3269 Israeli,
704 3213 773 3256 aaut
785 3196 955 3254 morantur
963 3200 1000 3250 ct.
1017 3203 1171 3262 minumum,

64 3317 147 3376 capte
165 3299 205 3358 sd
230 3299 348 3374 spinas,
373 3298 575 3375 comparative
597 3277 723 3369 dictum,
748 3295 824 3354 adeo
847 3291 989 3370 implexi,
1011 3298 1046 3348 ut
1067 3289 1172 3363 spinas

64 3401 263 3478 perplexitate
279 3407 408 3478 aequent
425 3399 564 3476 (Mrem.);
582 3395 635 3456 cfr.
655 3397 752 3473 lPar.
765 3395 820 3468 IV,
838 3399 871 3452 et
885 3393 952 3464 all.;
969 3411 998 3450 v.
1012 3407 1037 3448 s.
1052 3387 1171 3447 Gnsnn.

64 3501 136 3561 thes.
156 3521 185 3560 a.
204 3520 233 3560 v.
283 3498 443 3577 Spinarum
468 3497 631 3558 similitudo
654 3497 780 3556 refertur
806 3495 845 3553 ad
867 3493 998 3552 animum
1020 3488 1171 3547 inimicum

65 3610 92 3660 et
113 3600 337 3675 adversarium,
360 3601 413 3660 cfr.
431 3597 522 3659 Num.
536 3597 694 3670 XXXIII,
712 3598 762 3668 553
787 3593 873 3654 Cant
885 3593 932 3665 II,
949 3595 982 3662 23
1000 3589 1088 3647 Mich.
1101 3588 1172 3661 VII,

64 3707 96 3774 43
112 3703 171 3762 Ies.
185 3701 325 3776 XXVII,
343 3707 375 3760 4:
400 3701 453 3760 Er.
467 3701 515 3773 11,
532 3704 584 3771 263
601 3697 758 3769 XXVIII,
775 3699 810 3752 24
822 3694 841 3767 ¹,
865 3711 926 3771 quo
942 3691 974 3749 in
991 3707 1098 3765 genere
1114 3695 1173 3748 ter·

64 3803 152 3876 tium,
178 3803 259 3879 quod
277 3803 375 3875 aiunt,
399 3799 631 3878 comparationis
649 3806 695 3858 est
712 3797 881 3871 „firmatum
904 3789 1102 3866 callidumque
1119 3807 1172 3847 no-

65 3905 147 3964 cendi
173 3903 330 3963 studium“
348 3903 515 3980 (Manen),
547 3900 657 3978 inquo
680 3899 755 3958 latet
778 3896 866 3957 simul
889 3891 1068 3972 periculum,
1092 3889 1173 3965 quod

114 4163 141 4225 1)
158 4164 304 4214 Fansmuus
320 4163 337 4214 l.
350 4165 367 4214 Ι.
386 4180 411 4229 p.
421 4164 454 4213 18
467 4161 565 4226 aliquot
583 4159 708 4210 eiusmodi
727 4156 845 4222 exempla
862 4155 969 4207 contulit
981 4167 997 4204 a
1008 4133 1191 4205 Scumrrusro'

67 4260 98 4295 ex
117 4249 235 4298 Arabum
257 4247 357 4311 scriptIs
375 4247 494 4308 collecta,
516 4247 596 4296 ueluti
618 4259 651 4296 ex
668 4241 797 4295 Hamisa:
828 4247 870 4303 ,et
891 4239 1053 4303 infringimus
1076 4239 1174 4302 spinam

68 4331 235 4396 sciamusque
253 4337 352 4385 aestum
371 4343 458 4382 eornm
477 4329 622 4394 (hostium),
638 4329 721 4381 donec
738 4323 919 4379 defervescat.l
