2966 5090
268 309 316 382 24
680 311 797 386 cist,
814 315 955 372 ut-u.

266 499 380 578 magis,
402 498 563 558 cum-duos
579 498 668 558 etiam
684 498 868 574 psalmorum
884 495 967 558 locos
982 495 1095 556 relatos
1110 495 1168 554 hoo
1184 511 1273 555 versu
1290 513 1372 573 repe-

266 602 388 662 riamus.
404 633 440 644 -
470 599 572 658 Verbo
589 614 642 663 1111
658 599 781 658 nimium
797 599 980 671 tribuerunt,
999 596 1051 675 qui
1068 597 1212 670 amando,
1231 597 1372 670 curando,

267 701 375 761 tuendo
399 699 605 774 reddiderunt,
628 699 746 772 Durus,
770 696 1089 772 Ouarauro.,Gas1ru.
1111 698 1205 770 thes,
1237 717 1273 756 ca
1296 698 1374 756 euim
1439 682 1440 703 ¹

267 803 351 862 notio
369 801 451 862 nullo
468 799 619 878 flagitatur
635 800 789 876 exemplo;
812 817 920 876 pamm
936 799 1024 858 etiam
1041 798 1178 858 viderunt
1194 798 1236 872 ii,
1255 798 1309 876 qui
1326 817 1374 858 so-

266 904 328 962 lam
357 899 552 981 cognoscendi
576 899 636 960 vim
665 901 851 960 retinuerunt
872 899 1011 972 cumn,
1032 886 1133 960 boux.
1156 899 1229 977 (qui
1251 899 1375 976 insuper

267 1011 559 1074 notoresueterum,
577 998 789 1085 γνωστῆρας,
811 1002 843 1061 iu
866 999 1116 1078 comparationem
1132 999 1298 1078 advocat),
1322 1019 1376 1060 nco

154 1175 157 1186 Ι
267 1091 328 1164 uon
345 1103 455 1162 Micca
473 1100 580 1176 „novit
594 1109 738 1180 tanquam
756 1102 890 1162 cordium
906 1105 1098 1174 εει-1111101311
1114 1119 1185 1160 uam
1201 1101 1271 1160 licet
1288 1119 1374 1178 prae·
1443 1151 1444 1156 ,

266 1203 347 1264 clare
362 1201 494 1282 disputet
508 1201 664 1262 nouom.
681 1199 720 1263 ad
736 1204 788 1263 Ps.
800 1204 832 1278 l,
849 1205 883 1276 5,
901 1201 1100 1280 coguitionem
1117 1201 1289 1275 satiasses,
1317 1203 1375 1262 nisi

267 1305 346 1364 forte
360 1321 428 1364 cum
444 1321 481 1363 ca
496 1301 628 1364 inclusus
643 1303 674 1362 iu
691 1301 775 1364 coelo
790 1303 865 1363 deus
882 1303 941 1376 sit3
959 1320 1036 1381 quae
1048 1301 1156 1377 desint,
1175 1323 1211 1363 ea
1222 1323 1261 1362 ex
1273 1303 1376 1362 indole

267 1399 330 1465 ciu's
347 1413 378 1464 et
391 1412 500 1464 ustura
516 1411 623 1481 sponte
638 1405 796 1483 consequi,
810 1437 847 1448 -
863 1417 924 1463 nou
941 1403 1016 1463 tanti
1028 1411 1127 1463 tamen
1139 1404 1270 1463 facerent
1286 1403 1320 1463 ll.
1335 1423 1374 1464 ss.

265 1512 370 1564 uotum
386 1523 452 1566 esse
468 1504 600 1566 Domino
617 1503 693 1566 Gen.
704 1505 826 1580 XVIII,
845 1508 892 1577 133
909 1505 978 1568 An.
991 1503 1053 1579 111,
1070 1509 1105 1578 23
1122 1504 1174 1565 Ps.
1189 1503 1330 1578 CXLIV,
1347 1509 1374 1578 3,

267 1611 298 1666 et
313 1605 433 1668 novisse
449 1605 535 1666 deum
552 1607 604 1667 Ps.
617 1605 770 1682 LXXIII,
789 1611 838 1681 11,
855 1605 913 1666 uisi
928 1604 1019 1666 latius
1035 1604 1137 1682 paullo
1154 1613 1284 1682 pateret:
1313 1605 1375 1664 imo

263 1725 328 1768 nou
356 1716 484 1768 mentem
508 1707 605 1770 solum
629 1716 745 1785 spectat
772 1709 821 1768 hic
844 1706 986 1768 noscendi
1009 1725 1098 1780 usus,
1128 1725 1232 1766 verum
1253 1693 1374 1766 omnem

266 1807 397 1870 animum
408 1817 438 1868 ct
445 1808 605 1887 ingenium,
617 1809 705 1868 sicuti
716 1810 791 1869 bene
802 1808 878 1869 vidit
889 1805 1044 1868 Goussur.
1057 1808 1117 1866 lex.
1131 1825 1161 1883 p.
1174 1811 1241 1866 590:
1260 1825 1375 1885 „saepe

266 1909 404 1987 designat
426 1909 548 1988 aliquod
571 1909 718 1969 amicitiae
740 1908 905 1982 vinculum,
931 1927 997 1968 cum
1015 1907 1126 1967 scilicet
1147 1907 1299 1968 rationem
1321 1909 1374 1968 ali-
1450 1990 1451 2000 ἵ

266 2010 349 2070 cuius
365 2010 474 2082 habes,
492 2009 561 2070 aliis
577 2009 691 2070 diceus:
722 2010 822 2070 nescio
838 2029 911 2083 vos,
929 2017 963 2068 ut
980 2008 1116 2070 Christus
1132 2009 1282 2086 loquitur,
1302 2028 1376 2069 con·

265 2119 413 2188 notatque
425 2109 520 2184 illius,
544 2129 633 2189 quem
655 2109 749 2170 amice
771 2111 909 2188 respicis,
931 2112 1114 2188 reciprocam
1136 2109 1169 2170 iu
1192 2117 1222 2170 te
1243 2127 1375 2188 propen-

266 2211 412 2272 sionem.“
446 2211 504 2272 Est
520 2229 592 2290 ergo
609 2199 669 2271 tale
686 2211 775 2291 quid:
798 2229 930 2290 agnosco
945 2211 1076 2290 aliquem
1093 2229 1159 2272 csse
1175 2229 1272 2270 meum
1289 2223 1322 2271 et
1337 2214 1377 2273 ad

266 2331 313 2372 me
338 2311 501 2389 pertiuerc3
530 2313 584 2374 cfr.
610 2313 791 2388 Hosxlll,
815 2317 848 2387 53
878 2313 1023 2388 AmlIl,
1047 2317 1081 2385 23
1113 2311 1373 2388 reor.v111‚3;

265 2414 369 2472 Ioanc.
381 2413 428 2488 X,
448 2418 497 2486 143
520 2414 546 2475 is
564 2414 641 2474 euim
658 2415 684 2475 si
702 2421 748 2475 est
764 2433 886 2488 sensus,
909 2431 979 2474 vere
996 2413 1068 2473 dicit
1084 2411 1115 2475 S.
1129 2413 1243 2474 Paulus
1260 2413 1372 2474 urim.

264 2513 313 2590 11,
332 2519 379 2590 19,
396 2516 472 2576 beue
487 2535 554 2577 esse
570 2515 748 2596 de'siugulis
764 2516 931 2576 homiuibus
954 2535 1048 2594 aeque
1065 2533 1101 2575 ao
1117 2515 1154 2574 de
1170 2513 1311 2575 universa
1328 2536 1375 2576 ec-

265 2615 373 2691 oleslu,
389 2617 441 2677 ubi
457 2618 581 2678 firmiter
597 2618 670 2678 haec
686 2619 746 2678 duo
764 2625 842 2679 stent
858 2625 1000 2696 tanquam
1012 2617 1247 2676 fundamentum:
1266 2619 1375 2691 „novit

264 2717 414 2779 Dominus
431 2735 520 2793 suos,
538 2725 583 2778 et:
600 2719 721 2779 recedat
737 2720 776 2778 ab
792 2719 965 2797 iniquilate,
984 2717 1035 2796 qui
1051 2715 1173 2777 Domini
1192 2735 1301 2777 nomeu
1315 2731 1374 2796 'ap-

263 2817 385 2895 pellat“
402 2851 440 2862 -
464 2818 560 2879 Novit
576 2827 674 2879 autem
691 2819 779 2891 deus,
797 2819 1017 2895 qui‘oonfldunt
1033 2819 1076 2892 ei,
1093 2837 1196 2898 neque*
1206 2839 1277 2878 vero
1295 2821 1372 2898 „qui

263 2919 459 2996 confugerunt
475 2920 514 2978 ad
531 2923 619 2977 eum“
631 2917 752 2995 (blica,
770 2918 878 2992 Busa,
896 2917 1067 2998 Hostum),
1083 2920 1142 2980 cfr.
1155 2919 1312 2980 Hurosrs.
1331 2921 1371 2980 sd

263 3019 314 3079 Ps.
328 3018 375 3092 11,
401 3005 441 3074 12‘.
490 3017 538 3077 De
561 3025 641 3077 statu
664 3026 833 3077 constructo
859 3035 925 3078 cum
946 3020 1169 3098 praepositione
1191 3021 1370 3098 composito,

263 3117 355 3178 veluti
373 3130 415 3192 ¹qu
436 3132 497 3183 11111
525 3117 576 3177 Ps.
589 3118 633 3192 V,
652 3123 699 3193 12,
725 3119 856 3180 dlximus
875 3139 966 3198 supra
981 3121 1021 3182 cd
1039 3141 1065 3180 v.
1078 3125 1104 3180 5.
1143 3121 1249 3182 Refert
1266 3131 1370 3182 ‘autem

261 3220 319 3278 hoo
334 3213 498 3277 membrum
514 3233 617 3280 versus
633 3229 738 3298 aperte
752 3221 804 3281 Ps.
817 3222 832 3279 I
841 3265 850 3295 ,
868 3226 884 3280 o
910 3216 1016 3296 „uorlt
1032 3223 1111 3282 viam
1134 3223 1321 3297 iustorum‚“
1340 3233 1371 3283 et

261 3319 308 3392 ΙΙ,
328 3322 359 3376 12
385 3318 494 3392 „beati
510 3337 613 3383 omues
630 3321 850 3400 quitooufiduut
864 3323 942 3398 ei,“·
955 3323 1037 3401 quod
1059 3322 1129 3383 licet
1151 3343 1212 3383 uon
1228 3324 1266 3384 de
1282 3333 1369 3402 patre

261 3421 313 3482 sed
330 3420 367 3479 de
382 3420 444 3480 filio
462 3421 663 3498 praedicetur,
691 3424 759 3484 huic
781 3432 878 3484 tameu
901 3425 941 3484 ob
964 3424 1095 3485 divinam
1119 3433 1150 3484 et
1174 3433 1313 3486 naturam
1340 3434 1370 3485 et

261 3521 433 3600 dignitatem
450 3523 597 3583 tribuitur.
710 3523 713 3530 “

310 3621 447 3685 Getarum
464 3619 513 3684 hic
529 3643 632 3686 versus
650 3643 710 3686 uou
728 3626 861 3688 ‘solamen
879 3627 975 3688 solum
992 3628 1083 3688 habet
1099 3645 1206 3707 grave,
1233 3647 1368 3705 praeser-

259 3725 395 3784 timeum
413 3725 517 3802 paucis
535 3728 621 3787 anuis
639 3736 706 3786 ante
723 3728 779 3788 hac
803 3728 984 3788 confidentia·
1008 3728 1056 3789 dei
1073 3730 1216 3790 vindicati
1232 3737 1332 3792 esseut
1348 3749 1368 3789 a

259 3824 441 3900 Senberibo‚
466 3827 518 3886 sed
541 3835 662 3906 gravem
687 3829 775 3888 etiam
798 3825 1072 3906 commonitionem,
1099 3851 1136 3891 ue
1153 3832 1191 3891 ab
1217 3831 1280 3890 ullo
1307 3831 1367 3890 alio

258 3927 360 3986 Iudaei
376 3925 434 3986 uisi
450 3946 469 3985 a
484 3925 542 3984 deo
560 3945 614 3988 suo
632 3937 786 4005 sperarent
802 3931 927 3990 salutem
950 3931 982 3990 lu
999 3933 1148 4008 praesenti
1164 3931 1367 3991 tribulatione

259 4026 339 4102 Quid
356 4027 433 4086 euim
450 4026 579 4102 saepius,
598 4029 669 4106 quid
687 4030 818 4091 severius
836 4031 948 4107 populo
963 4030 1150 4108 improbraut
1162 4041 1257 4106 vates,
1276 4051 1367 4110 quam

258 4127 339 4206 quod
356 4127 387 4184 iu
405 4125 539 4187 curribus
557 4137 587 4188 et
603 4132 704 4208 cquis,
723 4131 819 4209 nequ'e
837 4151 907 4190 vero
925 4131 956 4191 iu
973 4133 1104 4194 Domino
1122 4135 1191 4192 rivo
1209 4153 1294 4193 suam
1311 4153 1368 4210 po·

257 4235 359 4287 nerent
385 4227 522 4287 fiduciam
546 4240 575 4290 et
598 4248 681 4310 spem
706 4233 811 4294 auxilii
834 4241 938 4293 contra
963 4235 1078 4295 hostes·
1116 4233 1240 4296 Nullam
1265 4243 1366 4295 autem

257 4328 304 4388 blo
327 4330 574 4406 praedictionem,
601 4334 653 4394 sed
671 4334 780 4394 nudam
806 4335 853 4394 dei
879 4325 1105 4412 descriptionem
1128 4358 1147 4396 a
1170 4336 1305 4397 bonitate
1337 4343 1367 4394 ct

1450 2911 1456 2964 1
