2966 5090
398 288 425 365 t.
442 294 469 347 l.
495 285 546 346 Da
564 303 754 364 eosnrrroaa
770 289 967 352 Ionesonun.
1142 313 1230 358 xxvn

118 493 138 533 a
162 469 233 532 chr.
259 471 378 532 videtur
401 470 572 531 accidisset
597 503 634 514 -
659 469 713 532 Sia
733 473 873 534 Marassa
901 475 940 534 ab
961 474 1068 536 ilsdem
1092 479 1229 557 Assyriis
1318 541 1326 552 ,

119 581 224 650 eaptus
241 581 303 646 est,
322 593 342 632 a
359 572 468 650 quibus
485 570 612 630 Hiskias
629 581 793 648 patariam
810 575 965 651 splendide
984 575 1128 639 liberatus
1146 590 1228 653 erat3

117 673 223 734 iisdem
248 675 327 732 enim
349 672 480 750 peccatis
506 673 718 731 contumaciter
740 693 807 734 sese
829 675 964 749 dederat,
997 680 1144 756 aquibus
1167 682 1229 753 ille,

120 775 412 852 quantumvaleret,
429 791 554 848 regnum
570 771 718 832 lustravit.

169 873 359 951 Necopinata
375 875 436 932 hac'
449 872 616 932 calamitate
632 873 735 932 ludaei
751 893 771 932 a
787 893 902 934 summo
925 876 1058 938 insaniae
1075 887 1165 957 atque
1182 881 1227 940 in-

121 973 270 1034 solentiae
286 975 409 1052 fastigio
431 973 463 1031 in
488 982 651 1032 extremam
670 973 848 1033 moestitiam
865 984 956 1054 atquo
972 979 1154 1040 anxietatem
1177 982 1228 1040 de·

119 1075 190 1133 iecti
208 1084 293 1148 sunt;
317 1094 376 1134 non
400 1074 482 1152 quod
504 1073 606 1133 ablato
631 1091 700 1151 rege
723 1074 829 1150 inopes
852 1076 978 1136 luissent
1003 1079 1136 1153 consilii,
1160 1081 1228 1158 quis

121 1175 184 1233 iam
200 1175 290 1235 rebus
305 1175 430 1252 publicis
447 1174 664 1246 moderaretur,
683 1193 737 1234 nec
754 1176 835 1252 quod
852 1176 1035 1237 dilectissimi
1050 1179 1129 1239 forte
1146 1181 1229 1257 prin·
1323 1249 1325 1254 ,

123 1275 200 1352 cipis
223 1275 340 1334 vincula
361 1282 462 1334 essent
483 1274 682 1334 commiserati
704 1309 741 1318 —
767 1276 948 1352 flagitiorum
978 1279 1056 1337 onim
1082 1281 1227 1358 magistro

119 1375 222 1451 potius
245 1376 341 1452 gavisi
363 1383 449 1434 erant
474 1394 564 1452 quam
588 1393 687 1451 regem
712 1393 797 1435 suum
821 1395 887 1436 cum
911 1378 1023 1454 pietate
1044 1388 1076 1439 et
1104 1382 1228 1441 caritate

119 1477 288 1552 prosecuti,
303 1477 355 1537 scd
372 1475 444 1553 quia
459 1475 523 1546 fieri
539 1459 598 1534 non
616 1475 723 1550 potuit,
741 1478 813 1554 quin
831 1478 977 1560 timerent,
994 1499 1032 1538 ne
1049 1495 1119 1557 rege
1138 1489 1227 1559 capto

119 1576 260 1636 universa
281 1594 354 1653 gens
376 1576 471 1636 serius
493 1577 576 1636 ocius
599 1576 638 1634 ab
656 1569 807 1654 Assyriis,
832 1576 989 1638 Sanheribi
1011 1580 1089 1638 torte
1113 1581 1226 1640 cladem

122 1778 237 1829 Versueh
258 1779 323 1828 uber
344 1779 387 1829 dio
410 1777 525 1830 Chronik
548 1794 572 1841 p.
584 1777 725 1842 rat-31)
742 1786 769 1828 et
786 1779 917 1830 Hmvmn.
935 1780 1014 1842 (Einl.
1032 1781 1074 1842 11,
1093 1796 1123 1844 a,
1140 1799 1166 1847 p.
1177 1786 1225 1834 221

121 1863 222 1926 425)
238 1869 293 1912 tam
314 1865 455 1914 luculenter
477 1863 590 1926 refutata
611 1871 683 1925 sunt,
706 1870 735 1912 nt
757 1865 799 1914 rel
816 1864 923 1914 Ewnno.
941 1875 1108 1928 asseveraret,
1132 1866 1226 1920 Gesch.

122 1946 168 1996 des
185 1947 219 1998 V.
236 1947 301 1997 Thr.
318 1948 376 2009 III,
393 1963 423 2009 a,
440 1963 464 2010 p.
477 1947 541 1997 37⁷:
560 1947 765 2012 „dasEreigniss
783 1947 853 1998 kann
871 1950 968 1998 seinem
986 1952 1102 2001 reinen
1120 1951 1227 2002 Grunds

121 2029 165 2093 (i)
187 2030 252 2081 nach
274 2045 322 2094 gar
344 2031 415 2080 nicht
437 2031 581 2102 bezweiielt
604 2026 739 2093 werden,“
765 2033 823 2082 licet
845 2036 985 2084 notaverit:
1011 2036 1087 2097 ,wer
1110 2050 1162 2085 nun
1182 2037 1225 2086 die

120 2130 202 2178 ganza
225 2117 277 2166 Art
298 2114 344 2164 des
368 2113 524 2164 Chronikers
541 2107 640 2177 ¹leniet,
670 2116 736 2166 wird
766 2117 850 2166 hierio
874 2133 923 2167 nur
947 2119 988 2170 die
1009 2120 1227 2184 'eigenthdmlicha

121 2199 322 2262 strafgelraltene
344 2197 573 2249 halbdichterisehe
595 2198 854 2264 Darstellnngsweise
870 2201 972 2264 indeo,
994 2205 1021 2252 in
1043 2205 1155 2255 welcher
1172 2205 1226 2255 die·

120 2299 162 2333 ser
179 2283 303 2333 Ern'ahler
319 2283 383 2334 auch
406 2291 479 2333 sonat
502 2299 531 2333 so
554 2283 593 2332 cit
609 2299 665 2334 was
688 2299 716 2335 er
738 2287 766 2334 in
786 2287 883 2336 seinem
901 2285 1092 2346 Qusllenboehe
1108 2290 1228 2340 austiihr·

121 2369 201 2420 licher
217 2368 382 2418 beschrieben
399 2368 469 2431 iand,
486 2370 514 2417 in
531 2369 573 2417 ein
590 2357 655 2432 paor
671 2371 816 2433 gewdrzige
827 2370 919 2420 Worte
939 2374 1225 2437 zusammendrdngtlt“

121 2480 155 2490 -
172 2452 248 2502 Unde
265 2453 432 2517 repetendum
450 2454 496 2513 sit,
520 2453 589 2516 qnod
608 2453 669 2502 libb.
687 2453 787 2516 Regum
810 2451 874 2501 nihil
898 2452 930 2501 de
954 2453 1002 2503 hoc
1024 2471 1085 2506 casu
1103 2458 1224 2520 habeant,

122 2544 213 2600 postea
228 2527 383 2599 videbimus;
406 2538 481 2587 nobis
504 2544 590 2586 autem
614 2552 740 2585 summum
763 2536 894 2600 quoddam
916 2536 1096 2586 documentum
1121 2553 1153 2586 ax
1171 2521 1228 2602 ipso

124 2620 238 2670 Nahumi
257 2619 322 2671 libro
348 2623 488 2684 redundat;
512 2621 550 2670 uti
574 2621 641 2669 enim
664 2634 742 2683 supra
759 2635 782 2682 p.
796 2618 892 2668 XVIII
909 2621 1013 2668 iamiam
1029 2621 1230 2684 indigitavimus,

124 2706 243 2756 universa
259 2708 373 2757 vaticinii
392 2708 458 2756 ratio
476 2713 501 2756 et
518 2706 683 2770 praesertim,
702 2704 771 2768 quod
789 2717 915 2766 nusquam
932 2709 1036 2766 peecata
1050 2705 1138 2768 populi
1155 2719 1230 2769 argu-

122 2796 208 2851 untur,
226 2797 404 2855 tempestatem
422 2791 535 2854 aliquam
552 2790 683 2855 designat,
701 2803 753 2853 qua
769 2787 860 2838 Iudaei
877 2788 950 2850 gravi
962 2787 1076 2851 quodam
1088 2801 1148 2838 essu
1162 2789 1229 2840 adeo

121 2874 213 2925 deiecti
229 2881 304 2926 erant
321 2889 351 2924 ae
368 2889 448 2939 paene
467 2874 611 2939 desperati,
639 2884 680 2936 ut,
704 2889 760 2924 eum
782 2888 824 2924 res
841 2874 898 2938 ipse
915 2873 977 2922 satis
995 2887 1120 2937 superque
1138 2875 1228 2937 loque-

121 2965 204 3021 retur,
226 2975 280 3009 non
297 2959 419 3008 severitas
436 2960 517 3024 legis,
538 2959 585 3009 sed
607 2960 706 3022 gratiae
729 2959 837 3008 dulcedo
861 2957 993 3008 hominum
1016 2957 1107 3006 animis
1124 2958 1229 3010 icrtiter

121 3051 189 3093 esset
205 3043 380 3108 proponenda.
415 3044 450 3092 lit
468 3047 590 3108 quoniam
608 3040 756 3094 Nahumum
773 3059 826 3092 non
843 3057 919 3107 posse
936 3042 986 3091 nisi
1003 3047 1061 3104 post
1075 3041 1183 3092 Hislriae
1200 3049 1227 3091 et

120 3135 181 3176 ante
197 3127 284 3177 Iosiee
302 3134 400 3191 tempus
417 3129 496 3178 inisse
515 3129 680 3194 vaticinatum
697 3127 822 3190 vidimus,
845 3127 973 3178 eiusmodi
996 3125 1170 3176 calamitatem
1187 3139 1226 3175 re·

120 3220 217 3277 granta
234 3213 356 3262 Manasse
373 3213 496 3264 accidisse
513 3217 622 3278 oportet.

115 3285 118 3292 ¹
172 3297 199 3359 1)
216 3295 326 3356 Quando
344 3297 466 3348 Manasse
483 3300 515 3348 ab
534 3280 648 3361 Asspriis
666 3296 814 3360 deportatus
832 3295 923 3357 fuerit,
946 3309 1070 3359 nusquam
1091 3299 1163 3344 certo
1179 3293 1226 3344 dtr

121 3388 205 3444 cetur3
223 3386 411 3445 potest-tamen
429 3397 461 3432 ex
479 3384 541 3447 ipsis
558 3383 586 3431 ll.
599 3397 632 3432 ss.
650 3381 730 3446 probe
747 3380 857 3430 deliniri.
875 3379 944 3430 Nam
955 3379 1121 3442 Assyriorum
1136 3378 1226 3440 copiae

120 3467 150 3514 in
158 3464 335 3516 Palaestinam
347 3464 509 3518 descendisse
526 3466 592 3516 aliae
609 3479 662 3514 oon
679 3471 786 3528 possunt
803 3465 924 3528 eogitari,
942 3478 1019 3527 qnam
1036 3476 1102 3526 quaa
1120 3463 1225 3512 colonos

120 3549 179 3598 illos
191 3548 355 3600 deduxerunt
366 3557 393 3599 et
403 3551 431 3600 X
442 3551 554 3600 tribuum
566 3551 686 3614 reliquias
699 3563 783 3600 seeum
796 3554 1004 3612 reportaretque
1016 3547 1044 3597 id
1055 3545 1124 3610 quod
1138 3561 1227 3596 secun-

120 3633 183 3682 dum
200 3633 251 3682 Ies.
265 3633 331 3696 VII,
347 3635 365 3684 l
381 3635 476 3684 iactum
494 3642 534 3685 est
550 3634 624 3684 LXV
637 3635 711 3684 annis
728 3639 787 3697 post
801 3633 913 3694 primum
922 3631 1019 3680 Achaei
1033 3645 1147 3692 annum,
1160 3631 1225 3692 7423

121 3718 195 3768 unde'
212 3718 362 3768 deducimur
384 3718 419 3767 ad
440 3719 560 3770 XXIIum
577 3719 707 3768 Manassis
730 3731 838 3776 annum,
861 3730 881 3764 s.
900 3714 958 3764 676.
997 3715 1152 3765 Assentiunt
1168 3715 1227 3764 huie

121 3803 221 3854 εεΙοιιΙο
241 3802 395 3854 Indaeorum
419 3803 569 3866 chronologi
591 3804 618 3852 in
639 3803 705 3852 libro
723 3799 804 3852 Seder
821 3798 911 3860 Olam,
934 3806 989 3850 tum
1011 3797 1073 3850 ver'o
1092 3799 1228 3861 Usssmus,

120 3901 154 3936 nr
171 3888 321 3949 Vrarouus,
339 3887 456 3949 Remus,
474 3887 709 3938 Harssrararrisrus
727 3883 937 3946 (Christol.1,b,
950 3884 996 3946 56,
1016 3883 1096 3934 Beitr.
1112 3883 1228 3946 1,.177),

121 3968 307 4022 Darousrsans
324 3972 374 4022 Ies.
392 3973 420 4033 1,
438 3988 462 4036 p.
481 3974 544 4032 280.
561 3972 604 4022 all.
632 3969 682 4030 Qui
699 3968 731 4020 de
740 3969 829 4018 viimo
838 3967 967 4018 Manassis
986 3983 1054 4019 anno
1072 3973 1227 4033 cogitarunt,

122 4056 154 4106 iis
182 4063 251 4107 reete
279 4056 375 4106 dudum
400 4057 534 4120 respondit
556 4056 578 4105 1.
596 4055 631 4106 H.
649 4055 787 4104 Mrcssams
811 4053 908 4114 (annot.
937 4055 1019 4104 uberr.
1048 4055 1082 4106 ad
1106 4055 1227 4104 2Paral.

122 4140 259 4202 XXXIII,
276 4141 334 4202 11),
358 4142 523 4204 „complures
547 4155 628 4190 annos
651 4137 817 4202 designandis
838 4145 877 4188 tot
899 4138 1055 4190 facinoribus
1084 4140 1227 4200 transiisse,

122 4226 272 4287 praesertim
291 4227 443 4276 nemetiam
461 4225 556 4276 liberos
574 4239 633 4276 suos
651 4223 727 4275 idolis
736 4224 884 4274 immolasse
899 4223 1030 4297 dicatur;“
1050 4233 1078 4275 ut
1090 4231 1227 4283 taceamus,

123 4308 245 4373 Assyrios
264 4325 295 4360 eo
314 4317 428 4372 tempore
446 4324 497 4360 non
515 4311 630 4372 tetigisse
647 4308 827 4362 Palaestinam.
