2966 5090
305 324 400 370 txxrv
651 307 896 368 Poonaoourun.
923 306 996 367 Gar.
1015 305 1069 366 111.

305 492 426 570 napali¹
445 501 615 568 nuncupant
621 515 630 565 3
648 493 700 552 vix
714 500 812 552 autern
826 487 946 551 dubium
959 500 1022 562 est,
1040 489 1112 567 quin
1129 489 1292 546 eorundem
1310 503 1404 563 regum
1452 515 1453 536 κ

305 594 424 654 diversa
447 594 492 651 illi
515 593 636 652 nomina
657 593 867 670 perscripsisse
893 589 1017 667 putandi
1040 588 1130 651 sinti
1156 589 1270 646 Verum
1298 588 1406 664 siquid

305 693 399 770 accipi
417 695 454 753 de
470 694 530 753 illis
548 703 663 770 potest,
687 696 743 752 hoc
760 703 820 766 est,
845 693 925 770 quod
950 691 1086 749 luxuriae
1103 689 1199 765 magis
1216 707 1286 748 sese
1304 688 1405 763 magis-

305 814 364 871 que
382 795 524 854 dederunt
531 793 551 866 ³,
569 803 659 872 atque
676 793 847 870 depravatis
870 792 977 850 civium
1003 791 1135 850 moribus
1153 807 1281 864 regnum
1298 808 1335 847 eo
1353 807 1407 845 cer-

305 896 364 954 tius
377 895 416 954 ad
430 894 608 954 destinatum
620 894 771 953 interitum
782 895 1052 952 conformaverunt.
1078 889 1286 950 Nihilominus
1301 889 1407 947 avitum

305 995 501 1072 Assyriorum
529 977 628 1052 robur⁴
651 995 781 1053 nondum
810 1011 934 1070 prorsus
964 1000 1109 1050 cesserat:
1144 989 1308 1050 Pbraortis
1338 988 1408 1048 enim

306 1113 479 1172 aggressum
498 1113 558 1152 non
576 1093 671 1153 solum
688 1095 902 1170 propulsarunt
919 1091 1074 1150 moenibus
1091 1110 1194 1148 verum
1211 1090 1316 1166 ipsum
1342 1105 1409 1165 quo-

306 1195 405 1270 quein
417 1193 747 1270 pugnaioteriecerunt.
772 1192 864 1252 Cuius
878 1210 978 1250 necem
991 1200 1025 1249 ut
1039 1190 1244 1262 ulcisceretur,
1258 1189 1410 1268 Oyaxares

304 1294 383 1354 lilius
401 1313 429 1352 a.
442 1297 493 1352 634
510 1293 642 1352 collectis
659 1294 753 1369 copiis
769 1293 877 1352 iterum
889 1290 981 1368 petiit.
988 1290 1116 1351 Ninum:
1135 1300 1182 1363 at,
1200 1289 1274 1350 dum
1291 1291 1410 1350 cinctam

304 1395 518 1470 obsessamque
535 1402 663 1466 teneret,
689 1392 868 1470 Scytharum
890 1392 1060 1452 incursione
1084 1400 1205 1451 coactus
1222 1401 1287 1464 eat,
1310 1399 1346 1449 nt
1364 1409 1410 1464 pa·

304 1494 393 1553 triam
410 1493 510 1569 potius
529 1514 548 1553 a
565 1494 658 1564 novis¹
668 1494 805 1554 hostibus
821 1494 882 1554 illis
899 1493 1069 1578 defenderet
1079 1514 1088 1564 ;
1110 1493 1148 1551 iis
1172 1499 1274 1550 autern
1301 1490 1411 1568 paulla-

307 1595 359 1654 tim
377 1594 516 1668 devictis,
535 1615 561 1654 a
575 1615 600 1655 c.
614 1600 683 1668 609,
700 1595 801 1655 iuncta
818 1615 885 1654 cum
896 1593 1157 1672 Nabopolassere,
1175 1593 1411 1670 Babyloniorum

306 1697 408 1772 regulo
426 1696 465 1754 ab
483 1694 620 1773 Assyriis
637 1698 815 1770 constituto,
834 1695 975 1757 societate
992 1703 1021 1753 et
1037 1693 1258 1764 familiaritate,
1278 1689 1411 1752 exauotis

305 1815 486 1873 magnopere
509 1796 623 1856 viribus
645 1797 846 1858 intermissum
871 1804 958 1855 antea
980 1800 1056 1871 opus
1080 1813 1185 1854 rursus
1209 1793 1364 1870 suscepit3
1386 1796 1412 1847 at

306 1907 366 1954 tres
383 1915 548 1972 perennes
566 1898 792 1958 munitissimam
810 1899 911 1956 urbem
928 1914 1069 1972 superare
1086 1915 1155 1953 non·
1164 1894 1344 1964 valuerunt3
1365 1891 1412 1948 do-

306 2014 360 2054 nec
376 1995 405 2054 vi
425 2005 455 2054 et
476 1997 593 2058 insidiis
615 1997 940 2075 magnificentissimum
962 1995 1302 2071 potentissimiimperii
1328 1997 1412 2066 caput

306 2105 513 2172 expugnarent
529 2107 619 2176 atque
635 2099 781 2156 horrendo
798 2096 934 2154 incendio
953 2104 1126 2153 cremarent.

327 2255 329 2260 ,
356 2197 446 2272 Quod
472 2217 531 2274 quo
554 2216 633 2256 anno
657 2198 768 2270 iactum
791 2195 845 2266 sit,
868 2195 949 2253 haud
971 2195 1047 2251 inter
1070 2214 1118 2252 vv.
1144 2195 1193 2252 dd.
1222 2196 1411 2270 exploratum

306 2316 371 2358 esse
389 2307 521 2368 constrata
538 2299 575 2356 ab
594 2296 661 2356 aliis
679 2296 757 2353 enim
775 2313 852 2352 anno
870 2298 919 2351 627
934 2293 1087 2364 tribuitur,
1106 2290 1153 2350 ex.
1167 2311 1211 2368 gr.
1230 2313 1249 2350 a
1261 2295 1409 2358 lesurae,

306 2400 344 2458 ab
362 2399 429 2458 aliis
447 2419 474 2456 a.
492 2401 556 2469 625,
574 2397 651 2456 inter
668 2414 745 2473 quos
762 2395 948 2454 nominamus
966 2393 1123 2463 Knrnrurm
1147 2401 1251 2452 nostra
1267 2391 1410 2450 memoria

225 2527 228 2534 ·
304 2499 440 2577 plurimis
457 2496 554 2574 placet
570 2519 597 2557 a.
616 2502 666 2556 606
684 2515 725 2568 s.;
753 2515 807 2556 nec
835 2497 958 2568 desunt,
989 2493 1041 2571 qui
1073 2493 1161 2552 altius
1186 2493 1275 2552 etiam
1293 2495 1410 2552 descen·

306 2601 433 2660 dandum
451 2599 510 2659 rati
530 2601 579 2658 vel
601 2600 681 2658 intra
698 2613 725 2657 a.
743 2601 793 2658 605
811 2606 840 2656 et
857 2601 906 2655 597
924 2597 1064 2654 fluctuent
1089 2595 1181 2652 veluti
1198 2592 1363 2652 Gnsnnrus
1385 2597 1410 2647 et

306 2702 486 2775 Hrrzmrus,
504 2701 551 2760 vel
562 2702 732 2762 Vonumuu
750 2699 841 2759 secuti
859 2699 890 2755 in
903 2699 960 2756 boc
973 2695 1098 2754 termino
1113 2694 1335 2772 consistendum
1350 2709 1409 2752 esse

306 2802 486 2862 existiment
520 2803 585 2860 Iam
614 2820 704 2870 vero,
730 2799 799 2856 licet
829 2797 903 2854 satis
933 2795 1075 2871 impedita
1099 2804 1189 2871 atque
1211 2794 1352 2854 intricata
1375 2790 1410 2849 sit

307 2903 462 2976 quaestio,
481 2910 580 2958 tamen
598 2898 713 2956 idoneis
731 2894 910 2971 argumentis
928 2895 1045 2954 videtur
1060 2896 1184 2982 probari
1201 2914 1305 2971 posse,
1332 2888 1410 2970 quod

358 3079 384 3141 1)
401 3077 454 3126 Otr.
472 3075 583 3142 Ornatas
598 3071 749 3120 memoriam
767 3069 835 3134 apud
851 3068 1013 3130 moroan,
1030 3071 1071 3120 23.
1089 3072 1134 3121 cir.
1154 3059 1281 3122 Heraens.
1298 3069 1409 3122 exercitt.

306 3160 404 3212 Herod.
422 3160 464 3220 ΙΙ,
481 3171 507 3220 p.
515 3155 558 3206 49.
592 3153 712 3204 amnon.
730 3155 747 3204 l.
761 3157 777 3204 l.
795 3173 820 3220 p.
833 3154 875 3204 33.
910 3151 977 3202 Sunt
994 3157 1037 3214 qui
1059 3155 1146 3219 plures
1166 3173 1217 3207 uno
1236 3152 1408 3218 Sardanapalo

281 3301 283 3307 p
307 3249 375 3295 inter
389 3259 477 3310 regum
487 3240 656 3302 Assyriorum
677 3253 810 3288 numerum
834 3239 944 3288 inveniri
967 3240 1128 3302 existimant,
1153 3242 1288 3290 Hmtamcr
1311 3241 1366 3288 iere
1387 3240 1410 3282 et

307 3331 428 3382 Hssrcan
443 3335 469 3378 et
486 3327 659 3378 Camerarius
676 3325 829 3374 testimoniis
847 3324 986 3386 sublevati,
1004 3336 1110 3384 quonum
1128 3333 1273 3389 postremus
1290 3340 1340 3375 ενα
1348 3320 1409 3371 dicit

308 3409 473 3480 δραστήριον
492 3411 538 3459 ael
556 3411 696 3475 γενναῖον,
716 3399 801 3458 ἄλλον
819 3405 849 3458 δὲ
867 3402 1003 3474 μαλακόν.
1039 3407 1112 3467 Quae
1135 3412 1263 3460 sententia
1285 3405 1409 3458 historicis

308 3499 410 3562 quidem
427 3498 583 3561 argumentis
600 3494 669 3546 baud
688 3495 750 3543 satis
767 3493 867 3542 idoneis
884 3495 986 3553 nititur,
1004 3493 1050 3542 cfr.
1068 3493 1196 3544 Hortata.
1215 3495 1332 3544 exercitt.
1350 3492 1408 3542 ller-

308 3585 336 3646 Ι,
355 3600 380 3648 p.
395 3585 436 3634 38.
455 3582 576 3632 Balarus.
594 3581 610 3628 l.
623 3580 640 3628 l.
658 3597 683 3645 p.
695 3581 728 3630 35
746 3587 812 3640 not,
835 3579 966 3630 Rawtms.
985 3585 1070 3626 antem
1094 3594 1147 3628 nou
1164 3581 1247 3630 solum
1264 3577 1408 3628 Divanubs·

309 3685 352 3720 rae
369 3677 467 3734 patrem
485 3667 706 3719 bellicosissimum
724 3680 809 3727 regem
833 3671 858 3713 et
877 3664 1060 3724 fortissimum,
1084 3677 1115 3710 eo
1138 3664 1242 3712 nomine
1264 3664 1407 3728 insignitum

309 3770 365 3806 esse
383 3757 515 3820 opinatur,
540 3755 636 3802 Assar·
643 3751 728 3800 adan-
718 3751 777 3814 -pal
794 3749 849 3811 (cir.
867 3749 1009 3798 comment.
1028 3763 1081 3810 p.
1066 3749 1109 3810 21)
1125 3748 1167 3796 vel
1185 3749 1286 3798 Assur·
1292 3747 1361 3796 akb-
1370 3741 1408 3793 bal

292 3839 363 3903 ,icis
381 3839 477 3889 Athen.
495 3836 578 3884 Lond.
597 3837 676 3894 1852,
695 3836 726 3884 27
742 3832 848 3894 Mart),
866 3848 954 3883 veram
977 3832 1047 3881 idem
1069 3847 1164 3881 nornen
1182 3832 1266 3882 anlo
1288 3833 1365 3882 etiam
1385 3833 1408 3874 tt

310 3924 455 3986 sommum,
475 3920 519 3982 qui
542 3917 771 3968 Assarhaddonem
795 3918 906 3980 excepit,
936 3898 1099 3966 tribuendum
1125 3931 1181 3966 asse
1203 3919 1335 3966 existimat
1358 3911 1408 3977 (cir

309 4007 428 4059 Ontlines
445 4021 469 4068 p
481 4001 586 4052 XXIII.
604 4001 705 4050 XXVI.
723 4002 818 4064 XLII).
841 4001 914 4062 Quae
931 4015 1068 4050 cuneorum
1087 4002 1264 4066 interpretatio
1283 3997 1407 4067 quomodo

309 4091 484 4149 confirmetur,
502 4085 640 4135 videndum
658 4094 705 4135 cst.
796 4095 797 4098 ’

360 4171 554 4234 mesanum.
573 4170 693 4220 dorebb.
712 4161 1076 4234 Ass.p.53.BaArto1s.l.l.
1094 4189 1118 4236 p.
1132 4173 1165 4222 30
1179 4187 1213 4222 ss

360 4257 385 4317 3)
401 4257 453 4306 Cir.
472 4257 572 4305 Haaoo.
591 4255 630 4316 11,
650 4255 706 4306 150.
735 4255 846 4308 Dtouon.
864 4255 906 4316 11,
925 4256 970 4306 23.
995 4255 1126 4307 Bonorum
1146 4257 1239 4308 Gescb.
1263 4257 1309 4306 des
1328 4256 1406 4304 Alter-

310 4341 481 4407 thums1,p.
495 4343 544 4392 397
560 4356 591 4390 ss.
629 4396 633 4406 Ι
