2918 5098
355 1019 555 1092 CAPUT
582 1021 893 1094 nummum.

574 1257 674 1267 --—...

120 1425 238 1526 Altera
253 1463 386 1526 vaticinii
408 1483 496 1540 pars,
521 1483 581 1541 qua
602 1465 634 1526 in
657 1465 785 1528 mediam
801 1466 875 1527 Nini
896 1469 1029 1546 rapimur
1052 1471 1181 1530 eversio·

67 1587 151 1642 nom,
169 1568 268 1626 tribus
284 1574 315 1624 et
330 1565 398 1641 ipsa
415 1563 580 1626 absolvitur
596 1567 735 1626 numeris.
761 1568 791 1644 I)
804 1569 854 1627 Ad
872 1569 1045 1646 dignitatem
1057 1570 1180 1630 Israelis

66 1668 279 1728 vindicandam
292 1673 381 1742 atque
391 1666 604 1726 restituendam
615 1667 764 1727 exercitus
776 1668 893 1746 egregie
905 1669 1066 1730 instructus
1074 1678 1180 1730 centra

67 1769 182 1828 Ninum
200 1789 219 1828 a
235 1767 367 1827 Domino
391 1767 539 1826 excitetur
554 1787 583 1826 v.
603 1773 688 1840 1·-5;
715 1767 760 1848 11)
778 1777 967 1846 expugnatur
988 1769 1061 1828 urbs
1083 1770 1178 1828 muni-

67 1870 199 1943 tissime,
219 1868 396 1945 diripiuntur
413 1868 547 1945 ingentes
565 1869 687 1929 divitiae
704 1869 784 1943 eins,
801 1869 917 1930 incolae
933 1869 1048 1946 pallido
1066 1888 1179 1947 augore

68 1971 190 2030 cruciati
212 1970 244 2028 in
261 1969 364 2046 iugem
381 1975 536 2028 vertuntur
552 1970 600 2029 vel
623 1969 809 2031 abducuntur
824 1971 855 2030 in
875 1971 1014 2032 exsilium
1031 1992 1061 2031 v.
1075 1976 1120 2030 6-
1130 1975 1160 2029 11
1169 1993 1178 2044 ;

67 2073 127 2150 111)
144 2080 236 2150 atque
253 2071 329 2129 adeo
346 2069 529 2145 praedonum
546 2071 688 2147 spelunca
707 2071 761 2130 illc
785 2072 884 2132 diruta
908 2093 928 2132 a
944 2072 1077 2132 Domino
1094 2091 1179 2131 exer-

68 2173 194 2246 cituum,
213 2170 368 2230 medens
385 2169 572 2246 latronibus,
595 2172 709 2249 meda
725 2173 877 2248 exscisso,
903 2173 1023 2234 deserta
1038 2173 1117 2234 iacet
1134 2179 1179 2232 at·

68 2294 125 2352 que
142 2271 295 2346 desolata,
313 2292 343 2330 v.
358 2274 470 2330 12-14.

501 2530 544 2602 A.
587 2533 740 2604 v.1-5.

119 2675 167 2733 Ac
189 2672 287 2749 prime
312 2633 431 2750 dudem
456 2671 563 2748 capitis
585 2671 733 2749 particula
757 2689 903 2731 summum
924 2670 1053 2748 primum
1077 2671 1179 2731 iudicii

69 2773 225 2834 exercendi
240 2774 329 2832 finem
346 2773 505 2851 proponit,
528 2772 648 2832 Israelis
665 2771 869 2832 liberationem
887 2791 916 2831 v.
931 2777 963 2844 13
987 2771 1109 2849 Assyrii
1125 2792 1178 2831 au·

69 2884 128 2934 tem
157 2874 296 2933 humanis
320 2873 435 2934 viribus
461 2875 575 2934 trustra
602 2874 780 2951 propulsare
808 2872 933 2932 exitium
961 2873 1080 2934 student
1102 2893 1131 2932 v.
1150 2877 1177 2946 2,

69 2995 134 3034 cum
151 2975 219 3051 ipse
234 2973 384 3034 Dominus
400 2975 513 3034 scelera
529 2975 672 3036 adversm
690 2993 806 3035 sacrum
823 2973 952 3034 foederis
969 2974 1016 3034 sui
1032 2975 1177 3052 populum

68 3075 230 3136 commissa
246 3075 361 3135 ulturus
385 3076 424 3135 sit
447 3079 513 3136 aa.
555 3074 673 3138 Deinde
697 3075 870 3154 magnificus
893 3076 1091 3150 exercituum,
1114 3076 1178 3136 irae

67 3177 161 3238 divini
179 3175 399 3249 ministrorum,
418 3176 537 3236 babitus
555 3197 584 3237 v.
597 3181 631 3250 4,
650 3186 680 3237 et
696 3177 820 3240 mirifice
837 3177 1013 3236 describitur
1030 3177 1176 3250 celeritas,

67 3298 129 3356 que
146 3276 282 3338 curribus
299 3276 443 3336 advolant
459 3277 498 3341 ad
515 3277 617 3336 urbem
634 3278 824 3354 capiendam,
842 3295 871 3335 v.
885 3281 911 3335 5.

523 3521 550 3560 a.
594 3522 623 3562 v.
642 3505 720 3560 1-3.

585 3673 614 3712 v.
635 3658 659 3712 1.

118 3778 194 3836 Ecce
208 3779 241 3835 in
256 3777 394 3836 monebu
404 3777 493 3853 pedes
509 3781 603 3836 aaut&
619 3779 694 3848 laed,
707 3776 903 3852 praedicaretis
914 3777 1034 3852 pacem!
1055 3773 1178 3846 Celebre,

66 3879 161 3948 Iuda,
180 3880 261 3954 ferta
279 3887 344 3948 tuo,
369 3879 476 3937 moles
492 3887 560 3936 cota
577 3882 647 3938 tae!
685 3879 753 3938 Nou
770 3881 843 3936 calm
858 3877 1035 3953 praeceditur
1058 3878 1179 3952 amplios

65 3988 197 4056 superte
219 3997 353 4055 nepem,
380 3988 454 4038 totae
471 3981 621 4039 exstinctus
643 3990 684 4039 cet
696 3980 714 4037 ¹.
757 3979 859 4038 Verbo
886 3993 946 4038 mn
969 3977 1127 4060 „deiectos
1149 3985 1179 4036 ct

121 4219 147 4280 1)
165 4219 277 4270 Uberius
294 4219 361 4270 hanc
378 4235 480 4272 versum
497 4221 633 4286 explicavit
644 4220 710 4273 Dss.
723 4221 853 4284 Hennes,
870 4221 1067 4283 dissertatione,
1083 4221 1124 4273 cui
1140 4221 1179 4270 in·

68 4304 190 4370 scriptum
209 4310 262 4356 est:
281 4303 433 4367 ,Nahumus
445 4307 577 4372 paciticus,
594 4305 643 4358 hoc
660 4310 699 4356 est
716 4304 750 4355 de
761 4305 852 4370 pacs,“
871 4307 940 4372 lips.
953 4306 1068 4368 MDOL,
1084 4307 1112 4356 iu
1128 4319 1180 4371 que
