2966 5090
461 331 487 407 ᾗ.
507 335 532 389 3.
558 331 607 391 Da
626 347 749 392 suumn
765 329 906 394 Nanuur.
1171 355 1231 400 xnr

118 526 179 576 tem
195 516 234 576 de
252 515 404 576 miraculis
422 517 485 576 eins
503 525 533 576 et
550 526 645 578 morte
661 519 712 576 ille
729 518 878 589 narravit,
903 537 937 578 ea
954 528 1076 595 apertae
1092 521 1231 584 videntur

116 618 240 676 fabulae
257 635 333 676 esse.
364 600 473 688 Οὗτος
492 609 576 692 μετὰ
602 610 659 679 τὸν
682 607 801 677 ’lover
826 610 928 700 τέρας
957 608 1079 680 ἔδωκεν
1105 618 1164 684 ἐπὶ
1189 623 1231 707 τῇ

118 710 255 790 Νινευί,
279 707 333 777 ὅτι
354 706 422 778 ὑπὸ
444 707 573 780 ὑδάτων
594 711 740 798 γλυκέων
762 711 820 778 καὶ
842 709 950 801 πυρὸς
971 712 1122 800 ἐπιγείου
1142 711 1231 784 ἀπο-

115 813 281 878 τελεῖται·
307 803 326 878 ὃ
351 813 408 876 καὶ
423 809 568 896 γέγονεν·
593 807 615 900 ἦ
629 811 692 900 γὰρ
708 812 910 900 περιέχουσα
925 807 1027 901 αὐτὴν
1037 814 1136 903 λίμνη
1150 841 1230 884 κατ-

117 911 257 978 έκλυσεν
284 904 388 998 αὐτὴν
412 910 447 977 ἐν
476 909 620 999 ceincias,
651 912 709 977 καὶ
737 917 805 1001 πῦρ
833 912 870 980 ἐκ
897 917 957 1002 τῆς
983 912 1110 1002 ἐρήμου
1130 914 1230 983 ἐπελ-

117 1007 183 1076 θόν
198 1006 308 1078 πάντα
329 1005 527 1099 ὑψηλότερα
542 1006 646 1099 αὐτῆς
660 1009 840 1101 ἐνέπρησεν
853 1012 951 1100 μέρη.
977 1008 1179 1082 Ἀπέθανον
1192 1018 1231 1086 δὲ

120 1114 245 1193 Ναοῦμ
275 1110 309 1176 ἒν
336 1107 466 1198 εἰρήνη,
492 1111 551 1178 καὶ
578 1107 686 1199 ἐτάφη
715 1110 750 1178 ἐν
776 1115 818 1202 τῇ
844 1117 887 1202 γῇ
919 1110 1023 1182 αὐτοῦ
1053 1110 1227 1203 Βηγαβάρ.

120 1220 176 1278 cfr.
194 1219 312 1278 Hnnrn
328 1219 490 1278 demonstr.
505 1218 637 1296 evangel.
651 1220 705 1294 IV,
717 1221 743 1298 §.
757 1225 784 1280 5.
809 1221 980 1282 Cnnrzovn
993 1223 1107 1284 Introd.
1124 1245 1155 1301 p.
1168 1229 1228 1284 387.

119 1321 155 1378 In
169 1319 385 1396 Martyrologio
399 1318 538 1378 Romano
551 1319 738 1381 Bethabarae
756 1331 891 1382 mortuus
906 1331 999 1400 atque
1015 1325 1148 1401 sepultus
1165 1345 1231 1388 esse

120 1421 264 1493 traditur,
283 1429 313 1480 et
329 1420 470 1480 calendae
486 1419 668 1482 Decembres
684 1423 846 1483 memoriae
863 1423 926 1484 eius
944 1434 1153 1486 consecrantur
1164 1426 1181 1486 ¹.
1227 1479 1228 1484 ,

432 1673 457 1751 ξ.
474 1676 501 1732 3.
527 1687 576 1736 nn
595 1688 742 1738 narnus
761 1686 919 1738 nanum.

170 1824 233 1886 Iam
250 1842 322 1885 vero
340 1831 467 1883 aetatem
485 1823 617 1884 Nahumi
634 1825 800 1884 accuratius
817 1824 1017 1902 indagandam
1030 1827 1227 1903 aggredienti-

122 1927 177 1985 bus
200 1926 303 2001 ingens
327 1925 429 1985 statim
451 1946 499 1984 vv.
524 1926 573 1987 dd.
597 1927 726 1986 occurrit
751 1927 960 2003 discrepantia.
1001 1928 1122 1987 Accidit
1152 1930 1229 1990 enim

119 2025 275 2098 Nahum,
301 2027 382 2104 quod
405 2026 456 2084 alii
480 2043 599 2105 quoque
615 2029 780 2104 prophetae
796 2027 880 2105 passi
904 2039 989 2101 sunt,
1014 2048 1063 2088 ex.
1082 2047 1126 2105 gr.
1146 2029 1228 2091 Oba-

118 2128 183 2201 dia,
201 2135 235 2184 ut
251 2146 306 2203 per
323 2146 410 2186 omne
427 2128 489 2186 fere
507 2136 638 2205 tempus,
657 2149 696 2188 ex
714 2148 774 2205 quo
792 2147 878 2188 sacra
900 2138 1001 2188 vatum
1019 2131 1141 2191 oracula
1157 2133 1229 2192 scri-

116 2238 171 2305 pto
189 2229 332 2312 mandata
348 2229 389 2287 ad
404 2236 542 2304 posteros
559 2239 774 2306 pervenerunt,
800 2230 927 2290 dirersis
950 2230 1144 2307 interpretum
1162 2251 1228 2292 sen·

116 2330 219 2389 tentiis
243 2328 291 2387 hic
314 2313 376 2387 illic
398 2349 470 2390 suus
492 2329 519 2388 ei
542 2330 626 2391 locus
651 2331 863 2408 assignaretur.
889 2331 989 2406 Quid?
1012 2333 1093 2409 quod
1110 2335 1230 2394 fuerunt

117 2431 225 2502 etiam,
251 2430 302 2507 qui
320 2431 553 2490 vetustissimum
570 2432 700 2491 omnium
719 2432 932 2508 prophetarum
949 2431 1091 2508 (quorum
1108 2435 1228 2511 quidem

117 2531 261 2592 vaticinia
277 2531 443 2608 perscripta
459 2532 542 2609 sunt)
560 2531 730 2592 Nahumum
749 2551 815 2592 esse
832 2539 986 2591 censerent
1002 2531 1069 2606 (cfr.
1089 2534 1228 2592 Manem

17 2665 18 2672 .
119 2650 227 2690 comm.
243 2633 274 2690 in
290 2633 355 2690 XII
370 2633 504 2710 proph.),
524 2651 590 2690 eum
607 2633 688 2690 Isnn
706 2640 735 2690 et
751 2632 901 2690 Ioncnns1
918 2647 1020 2705 regum
1038 2638 1135 2691 aetate
1151 2633 1228 2691 vati-

118 2733 249 2792 cinatum
266 2751 332 2794 esse
348 2741 561 2794 asseverarent.
584 2734 697 2792 Eorum
715 2741 832 2805 autem,
851 2731 902 2809 qui
921 2749 986 2788 cum
997 2732 1114 2790 ratione
1126 2733 1228 2809 potius

116 2842 150 2894 et
166 2834 380 2894 deliberatione
397 2834 638 2910 disputaverunt,
656 2828 762 2910 agmen
781 2833 861 2892 ducit
877 2832 1046 2906 IosnrnUS,
1066 2835 1117 2911 qui
1134 2835 1227 2894 Arch.

115 2936 182 3008 lx,
203 2940 232 2992 li
250 2936 423 2995 lothamo
441 2953 527 3011 rege,
553 2934 709 2995 ohannis
727 2943 797 2994 ante
813 2934 927 2994 Ninum
945 2952 1098 3008 eversam,
1123 2934 1229 2995 Nahu-

60 3069 64 3078 ’
115 3056 201 3096 mum
216 3036 309 3095 Ionae
325 3037 452 3113 vestigia
472 3036 618 3111 pressisse
635 3037 767 3096 tradidit.
803 3035 920 3096 Deinde
945 3036 983 3094 ab
1001 3034 1138 3097 Ussnuro
1161 3038 1229 3114 (an-

116 3137 210 3215 nal.)‚
235 3138 287 3215 qui
306 3147 415 3196 temere
432 3138 470 3196 ad
488 3138 739 3214 expugnationem
756 3137 830 3196 Nini
853 3139 892 3196 ab
909 3137 1029 3195 Arbace
1050 3137 1161 3197 factam
1183 3158 1228 3197 re-

114 3238 234 3316 spexit,
259 3239 370 3316 quippe
393 3239 429 3296 de
452 3257 514 3314 qua
530 3240 697 3298 narraverit
713 3237 883 3311 Diodorus,
902 3237 1048 3296 Achaei
1066 3255 1158 3314 regno
1176 3239 1229 3296 ad·

115 3341 248 3415 scriptus
267 3347 321 3398 est.
345 3339 423 3398 Tum
442 3356 512 3398 vero
531 3339 663 3400 maxima
677 3340 872 3415 interpretum
883 3355 955 3414 pars
969 3357 1004 3396 eo
1018 3347 1228 3418 convenerunt,

115 3441 200 3520 quod
213 3439 375 3499 Hiskiae
392 3447 519 3518 aetatem
537 3440 667 3498 maxime
684 3441 821 3499 idoneam
836 3439 1038 3515 opinarentur,
1057 3457 1117 3515 quo
1130 3449 1228 3498 vatem

116 3541 263 3602 cecinisse
280 3549 436 3617 putarent,
452 3539 673 3614 Hrnnonrrrus,
687 3541 933 3612 Tnnooonnrns
948 3538 1228 3612 Tnnornrmcrua

119 3642 304 3703 Consanus
321 3659 342 3702 a
358 3642 494 3714 Laeron,
513 3639 687 3714 (insomne,
705 3641 869 3700 durannus
886 3639 937 3698 all.
947 3659 956 3711 ;
986 3657 1082 3716 neque
1099 3657 1171 3700 vero
1198 3641 1229 3700 in

115 3753 254 3820 tempore
278 3743 445 3804 distinctius
470 3742 634 3802 definiendo
657 3742 860 3812 consentiunt3
885 3739 937 3799 alii
963 3739 1039 3798 enim
1058 3738 1230 3802 Salmanas·

115 3920 320 3929 ’.ι-..υ-

171 4038 198 4101 1)
219 4037 392 4102 Sequentibus
415 4037 505 4088 diebus
528 4036 670 4108 Habakuki
694 4044 720 4087 et
741 4037 888 4102 Zephaniae
911 4036 1048 4097 memoria,
1077 4037 1121 4100 qui
1145 4035 1233 4086 iudicii

118 4125 279 4173 imminentis
297 4122 489 4188 praedicatione
506 4137 563 4171 cum
575 4122 696 4173 Nahumo
714 4123 877 4172 continentur
895 4120 950 4183 (cir.
963 4121 1134 4171 Hnuvnnrncn.
1148 4121 1231 4171 Voril.

115 4208 179 4257 iiber
197 4207 291 4256 Theoi.
310 4206 355 4256 des
374 4207 407 4256 A.
427 4207 458 4255 T.
477 4223 501 4270 p.
516 4205 575 4266 160)
600 4207 663 4256 satis
688 4191 822 4270 ingeniose
845 4207 976 4270 assignata
1000 4213 1052 4268 est3
1076 4205 1144 4270 quod
1168 4191 1231 4269 quo·

116 4292 194 4342 modo
214 4307 230 4342 a
248 4293 371 4355 temporis
390 4291 554 4340 ecclesiastici
572 4293 675 4341 ratione
693 4291 861 4357 repetendum
879 4293 926 4355 sit,
945 4291 1058 4342 ostendit
1076 4291 1107 4345 F.
1118 4289 1231 4343 Srnauss

117 4377 168 4427 das‘
183 4375 364 4442 evaugelische
381 4375 552 4440 Kirehenjahr
569 4391 593 4440 p.
607 4377 648 4427 87.
667 4375 708 4428 te.
