2966 5090
293 377 391 422 xavrrr
643 349 889 416 Pnonuoouann.
916 353 990 414 Car.
1009 353 1047 412 ΙΙ.

294 519 527 607 Dercedatarum
550 543 679 614 familia,
705 562 795 619 penes
820 561 910 618 quam
933 562 952 599 a
972 539 1053 598 Nino
1071 538 1139 597 inde
1155 545 1186 594 et
1207 533 1393 596 Semiramide

295 667 410 708 summa
426 664 525 703 rerum
542 644 653 717 fuerat,
673 645 725 702 illo
744 653 878 719 tempore
906 661 970 701 esse
994 640 1156 709 exstincta,
1187 656 1252 694 cum
1278 635 1395 694 Balatu·

203 785 208 792 -
294 768 344 808 ras
369 748 490 825 quidam
516 744 648 802 ultimum
679 763 794 820 regem,
826 762 913 820 quem
944 742 1075 801 Oramus
1105 738 1238 815 appellat
1268 737 1395 806 Beleum

293 849 436 908 Bonosus
454 853 551 905 autem
565 844 741 918 Belochum,
760 861 852 920 regno
871 843 988 902 eiiceret
1005 851 1035 900 et
1050 859 1148 899 rerum
1161 839 1228 915 ipse
1245 837 1396 914 potiretur.

295 948 356 1010 Sub
380 967 459 1006 nova
481 955 579 1003 autem
597 945 751 1020 dynastia,
777 965 853 1021 quae
872 944 910 1002 ad
928 963 952 1002 s.
970 919 1200 1017 vnluffinsque
1217 939 1407 997 continenter·

293 1047 444 1125 regnavit,
469 1047 542 1104 fines
565 1045 697 1121 imperii,
723 1046 885 1105 domestico
910 1043 1109 1110 fereambitu
1133 1049 1290 1116 superato,
1316 1057 1399 1114 auge·

293 1152 402 1208 bantur
432 1147 569 1221 deinceps
598 1156 687 1222 atque
717 1146 989 1222 amplificabantur‚
1023 1143 1117 1202 donec
1148 1161 1183 1200 eo
1213 1141 1401 1218 profecerant

294 1248 431 1325 Assyrii,
450 1257 484 1306 ut
502 1267 616 1306 summa
633 1247 669 1305 de
687 1248 759 1306 orbe
777 1255 921 1304 terrarum
938 1245 1072 1323 potentia
1088 1244 1258 1322 gauderent.
1294 1240 1401 1300 Primis

295 1357 393 1408 autem
418 1348 500 1406 illinc
523 1347 628 1408 seculis
653 1356 705 1406 aut
730 1348 845 1406 tardius
870 1348 990 1406 omnino
1013 1345 1167 1423 progressi
1189 1345 1332 1404 videntur
1356 1350 1403 1400 aut

295 1451 437 1509 orientem
461 1457 573 1507 tantum
598 1468 701 1508 versus
724 1448 858 1507 victricia
880 1448 1042 1524 protulisse
1064 1466 1164 1518 arma3
1194 1463 1294 1521 neque
1317 1444 1401 1512 enim,

296 1552 354 1611 nisi
379 1552 422 1609 ita
440 1559 532 1621 esset,
558 1549 684 1608 Davidis
708 1558 737 1607 et
754 1547 924 1609 Salomonis
949 1567 1070 1626 regnum
1087 1557 1148 1606 tam
1165 1547 1309 1619 feliciter,
1333 1543 1403 1604 nihil

293 1654 370 1730 ipsis
387 1643 622 1728 refragantibus,
642 1651 681 1708 ad
698 1651 882 1728 Euphratem
900 1672 994 1730 usque
1017 1648 1300 1730 potuissetaugeri.
1325 1643 1403 1707 Fieri

295 1764 393 1814 autem
411 1772 472 1811 non
488 1760 621 1828 poterat,
648 1739 719 1829 quin
738 1753 938 1811 occidentem¹
956 1772 1075 1830 quoque
1092 1757 1226 1829 peterent
1249 1756 1279 1807 et
1298 1747 1403 1826 Syriae

294 1856 382 1912 etiarn
400 1861 430 1910 et
446 1852 635 1912 Palaestinae
652 1873 735 1911 arma
751 1854 908 1925 inferrent,
930 1860 1020 1929 atque
1045 1853 1120 1910 adeo
1144 1851 1181 1909 ad
1199 1850 1403 1910 Israelitarum

295 1955 358 2012 fata
375 1969 554 2028 magnopere
572 1953 763 2028 pertinerent.
792 1953 842 2014 Sic
859 1953 971 2029 primus
992 1943 1194 2021 ⁸omnium,'si
1216 1952 1302 2008 cunei
1326 1957 1403 2008 recte

294 2051 439 2112 enucleati
456 2060 540 2126 sunt,
569 2053 642 2112 Iohu
664 2053 891 2112 bellicosissimo
909 2053 973 2126 regi
989 2052 1048 2125 illi,
1072 2052 1123 2126 qui
1149 2052 1182 2108 in
1199 2059 1301 2110 statua
1317 2050 1403 2109 Nim-

294 2154 416 2214 rudensi
432 2153 528 2214 fastos
545 2173 616 2214 suos
634 2153 792 2228 expressit,
811 2152 1032 2232 Divanubarae,
1051 2152 1131 2209 dona
1143 2152 1305 2227 pertulisse
1323 2151 1403 2209 vide-

295 2265 343 2314 tur
351 2253 371 2316 ².
397 2258 441 2314 At
457 2273 517 2333 quo
535 2255 629 2330 magis
645 2253 840 2328 Assyriorum
858 2252 1023 2326 augebatur
1039 2250 1173 2327 potentia
1191 2260 1282 2328 atque
1300 2269 1403 2330 super·

348 2459 373 2517 1)
389 2460 464 2510 Bello
482 2458 595 2508 Troiano
614 2455 781 2506 Memnonem
798 2456 830 2505 ab
850 2457 1016 2520 Assyriorum
1034 2470 1093 2519 rege
1111 2455 1238 2503 Teutamo
1254 2467 1313 2502 eum
1328 2456 1404 2518 ausi·

293 2547 334 2595 liis
351 2547 457 2596 missum
474 2542 621 2593 interfuisse
639 2542 719 2592 tradit
736 2542 848 2592 Dronoa.
864 2540 925 2591 bibl.
944 2541 986 2602 11,
1004 2543 1050 2603 223
1068 2541 1147 2604 qnid?
1165 2540 1233 2603 quod
1246 2538 1334 2588 Pasro
1354 2540 1401 2601 leg.

292 2631 349 2692 111,
372 2632 421 2681 685
446 2636 478 2679 ct.
514 2628 658 2685 {froianum
679 2643 787 2692 regnum
810 2626 941 2690 Assyriaci
962 2627 1064 2690 imperii
1087 2619 1188 2691 μόριον
1210 2623 1290 2672 fuisse
1314 2624 1400 2680 docem

293 2717 436 2766 Assaracus
454 2721 553 2776 autem,
571 2714 667 2763 Priami
686 2714 838 2774 avunculus,
857 2711 948 2761 summi
966 2711 1078 2759 numinis
1095 2724 1189 2758 nomen
1206 2708 1294 2758 refert.
1321 2710 1398 2771 Assy·
1412 2703 1425 2725 ²

222 2813 225 2822 ’
293 2800 345 2848 rios
362 2801 468 2851 omnino
486 2798 687 2846 sdAsiausrum
700 2798 819 2856 gentium
837 2802 863 2844 et
872 2794 1031 2844 Graecorum
1048 2795 1201 2857 praesertim
1219 2801 1287 2843 artes
1305 2807 1398 2844 mores·

292 2895 343 2943 que
360 2882 559 2931 conformandos
576 2891 732 2940 magnopere
750 2879 917 2938 pertinuisse,
935 2877 1091 2939 cumprime
1109 2879 1164 2926 fere
1177 2885 1397 2929 monumentorum

293 2971 397 3026 aspectu
413 2969 549 3027 appareat,
570 2967 625 3008 tum
643 2962 670 3007 in
687 2959 796 3006 clariore
814 2959 897 3006 indies
915 2959 971 3032 luce
989 2961 1159 3010 constituitur.

345 3048 371 3106 2)
387 3045 490 3093 Nomen
509 3044 591 3104 regis,
608 3043 651 3104 qni
669 3042 848 3102 gravissimum
860 3042 908 3092 boe
919 3051 1112 3094 monumentum
1124 3048 1225 3110 posuit,
1243 3046 1397 3097 astams.

291 3143 360 3178 nuno
376 3127 545 3176 Dirsnubara
562 3125 626 3188 legi,
645 3139 661 3173 a
679 3124 790 3176 Gnarus.
809 3124 998 3189 Shalmsneser,
1016 3143 1095 3194 supra
1111 3133 1268 3194 monuimus3
1287 3132 1397 3181 referun-

293 3219 334 3262 tur
352 3217 439 3261 autem
455 3208 551 3262 XXXI
569 3222 696 3258 annorum
713 3211 798 3274 gesta,
817 3225 882 3274 quae
900 3209 1095 3264 Salmanassaro
1120 3217 1245 3280 impertiri
1263 3221 1397 3279 nequeunt,

293 3297 344 3348 nisi
360 3297 427 3347 forta
445 3293 617 3346 Sanheribum
639 3295 753 3357 regulum
774 3302 872 3345 tantum
893 3295 1089 3348 salmanassaro
1103 3286 1241 3350 ¹subditum
1263 3299 1356 3365 putare
1373 3300 1397 3346 in

294 3384 380 3433 animo
398 3388 451 3440 est,
474 3379 501 3428 id
519 3379 587 3442 quod
606 3385 702 3429 temere
721 3381 824 3430 admisit
842 3381 1018 3445 Gnorarnnn.;
1042 3385 1189 3447 opinionem
1207 3387 1262 3434 sius
1279 3384 1398 3434 refirtsvit

293 3468 399 3518 ΕΜ).
423 3462 539 3528 Gotung.
562 3466 677 3528 gelehrte
700 3464 767 3515 Ana.
787 3468 869 3529 1851,
894 3466 1061 3517 seeo—62.
1097 3469 1231 3531 Ceterum,
1258 3470 1398 3534 qrrionnque
1462 3453 1463 3472 ¹

292 3552 341 3600 fuit
364 3562 410 3596 rex
433 3549 477 3599 ille
499 3551 585 3614 (quem
607 3551 735 3601 Rawams.
762 3552 871 3602 eundem
895 3567 950 3603 esse
964 3567 1003 3617 ‚ae
1026 3552 1196 3616 Deleboram,
1224 3570 1240 3604 a
1262 3555 1396 3605 Macamuo

292 3642 518 3686 commemoratum
536 3639 655 3701 opinatur
672 3634 789 3686 Outlines
807 3654 831 3702 p.
843 3637 948 3699 XXIV)
965 3637 998 3686 de
1016 3645 1101 3688 aetate
1119 3641 1173 3688 eius
1192 3657 1212 3689 c.
1233 3655 1256 3690 a.
1275 3641 1327 3690 860
1348 3647 1396 3689 sta·

292 3721 389 3771 tuenda
405 3724 450 3772 vix
468 3723 637 3772 dubitandum
655 3722 712 3784 est,
726 3737 783 3772 eum
796 3723 920 3772 Chaaaila
931 3737 951 3772 s.
963 3723 1074 3784 Haemi,
1091 3723 1312 3774 Damascenorum
1329 3728 1397 3790 prin·

291 3823 365 3873 ceps‚
382 3813 458 3871 atque
475 3807 601 3869 Etbbaal,
618 3806 785 3856 Sidoniorum
803 3823 864 3869 rex,
888 3808 1059 3856 nominentur.
1083 3809 1188 3858 ·Altera
1205 3817 1291 3858 autem
1308 3823 1396 3860 eorum

290 3909 363 3958 pars,
382 3895 424 3954 qui
442 3891 513 3941 dona
528 3891 736 3955 splendidissima
754 3891 891 3942 afferentes
909 3892 1061 3956 pinguntur,
1079 3905 1131 3965 non
1148 3893 1231 3942 solum
1249 3907 1396 3959 expressum

289 3971 466 4026 Israelitsrum
488 3975 603 4024 habitum
627 3977 780 4038 ostendunt,
803 3992 892 4026 verum
913 3990 1008 4024 nomen
1030 3977 1112 4040 regis,
1141 3992 1157 4026 a
1180 3991 1230 4039 quo
1254 3979 1395 4038 mittuntur,

289 4061 409 4110 Hotusros
428 4060 502 4108 simul
520 4066 545 4108 et
556 4059 683 4110 Rawarrs.
703 4061 832 4110 affirmant
850 4065 985 4109 exaratum
1003 4074 1071 4110 esse:
1091 4063 1199 4124 ,Yahua
1215 4064 1285 4113 tilius
1299 4063 1395 4114 Khnm·

290 4145 382 4208 riya;“
399 4143 448 4192 fuit
465 4144 567 4204 quidem
584 4145 648 4194 Iehu
666 4161 718 4196 non
735 4146 803 4194 lilius
822 4143 908 4203 Omri,
927 4143 972 4191 sed
982 4143 1128 4209 Iosaphati,
1146 4154 1172 4196 et
1188 4163 1269 4212 nepos
1281 4147 1394 4208 Nimsbi;

289 4236 316 4277 at
339 4229 406 4277 illius
429 4229 496 4278 forte
519 4229 586 4280 filius
610 4228 691 4278 dietus
715 4237 767 4291 est,
792 4243 849 4278 eum
872 4226 943 4276 haud
961 4227 999 4278 ita
1015 4230 1095 4278 multo
1112 4238 1171 4296 post
1187 4233 1321 4296 regnando
1340 4247 1394 4282 eum

287 4312 401 4375 excepta
436 4311 555 4364 Samaria
577 4320 664 4365 autem
691 4313 717 4363 in
743 4313 857 4376 Assyriis
880 4312 961 4361 titulis
985 4313 1050 4363 solet
1079 4315 1203 4378 appellari
1224 4315 1292 4367 Beth
1316 4315 1393 4368 Omri.

287 4396 358 4445 Libri
377 4398 442 4446 sacri
458 4411 584 4459 nusquam
602 4398 714 4458 aliquam
732 4397 806 4446 huius
825 4397 886 4448 facti
906 4399 1206 4462 memoriamexhibent3
1226 4407 1314 4451 tamen
1326 4403 1393 4465 cogi·
