2918 5098
259 282 305 352 52
673 285 747 344 Car.
761 284 807 359 11,
827 303 854 344 v.
870 288 946 342 1-5.

258 470 427 550 imperativi
446 468 559 530 vicibus
576 469 746 546 fungentem
757 470 781 540 ¹3
803 477 907 530 contra
924 467 1071 528 Hosius.
1089 475 1136 528 est
1154 471 1166 524 l
1185 475 1281 542 praet.
1298 465 1360 526 Ni:
1438 477 1439 508 1

231 600 241 618 ·
260 576 400 634 obsessus
413 578 591 642 esurimus
605 578 704 628 autem
716 569 902 629 accusativus
916 567 1119 627 instrumenti:
1133 567 1362 640 „umachrtnhet

259 674 336 734 wird
352 691 412 732 ron
429 669 619 732 Sehanzwall
635 689 693 748 eng
706 674 775 742 er‚“
793 669 882 747 idque
898 670 966 727 ideo
983 668 1129 741 maxime,
1148 668 1229 746 quod
1247 683 1362 740 notun,

258 775 385 845 vallum,
408 791 468 832 non
493 780 732 848 oppugnatarum
756 769 888 842 urbium,
917 769 970 828 sed
993 767 1228 845 oppugnantium
1254 769 1362 826 exerd·

260 887 342 934 tuum
365 889 429 934 esse
452 871 617 944 contendit3
640 872 730 948 longe
746 872 844 930 verius
861 869 1092 928 Dunmscurus
1114 867 1268 926 notionem
1285 869 1362 927 verbi

216 964 221 975 ¹
259 973 417 1050 descripsit
438 972 478 1030 ad
499 971 638 1044 Hab.II‚
665 976 693 1028 1:
735 985 836 1044 „vinu
850 967 898 1050 (=
907 966 1026 1049 narso)
1047 969 1088 1028 ist
1113 969 1167 1027 der
1189 968 1363 1028 Einschluss

260 1076 332 1134 oder
355 1071 530 1134 Umschluss
553 1071 634 1130 einer
656 1070 759 1143 Stadt,
784 1071 871 1130 theils
893 1088 954 1128 von
979 1068 1078 1130 Seiten
1103 1069 1183 1128 ihrer
1199 1069 1363 1128 Bewohner

259 1176 350 1234 durch
363 1172 593 1248 ,Ringmauerm
623 1171 711 1230 theils
733 1189 793 1230 von
817 1169 918 1230 Seiten
943 1171 995 1230 des
1019 1169 1146 1229 Feindes
1171 1169 1225 1228 mit
1241 1169 1363 1246 Belage-

258 1272 459 1351 rungsvviilleu
475 1271 535 1330 und
547 1271 901 1348 Bolagcrnngsthdrmen‚
919 1271 1011 1329 daher
1027 1270 1183 1346 allgemein
1202 1269 1251 1328 die
1263 1270 1362 1342 Veste,

259 1373 470 1455 insbesondere
487 1373 540 1430 der
555 1371 686 1430 Wacht·
703 1371 776 1430 oder
792 1369 988 1448 Spihthurm3
998 1376 1018 1404 “
1035 1371 1088 1430 cir.
1105 1385 1208 1435 nurum
1223 1386 1297 1450 ἣν,
1314 1387 1363 1445 op-

259 1474 330 1551 pida
353 1473 467 1534 munita
488 1471 619 1531 tParal.
633 1473 719 1545 XIV,
737 1475 754 1530 5
761 1493 770 1544 3
795 1472 857 1545 Xl,
878 1476 919 1530 10.
938 1476 979 1530 11.
997 1475 1046 1542 233
1072 1471 1150 1543 XII,
1167 1475 1201 1542 43
1224 1471 1322 1543 XXI,
1338 1473 1362 1528 3.

258 1575 343 1634 Nihil
361 1581 405 1634 est
422 1582 536 1646 autem,
555 1574 636 1650 quod
653 1591 719 1632 cum
736 1570 880 1632 Ἔπειθ’
896 1573 934 1631 de
951 1572 1082 1632 turribus
1100 1571 1265 1648 cogitemus
1284 1571 1362 1643 solis,

258 1675 433 1753 praesertim
451 1693 516 1736 cum
534 1674 688 1751 sequeutia
704 1693 824 1752 quoque
840 1673 962 1730 nomina
977 1672 1067 1732 latius
1083 1679 1215 1748 pateant.

309 1777 416 1836 Altera
432 1793 536 1834 versus
553 1793 624 1850 pars
647 1775 742 1834 trihus
766 1773 952 1850 imperativis
967 1773 1139 1843 conticitum
1161 1771 1266 1831 durius
1289 1773 1363 1832 enirn

258 1893 315 1954 pro
331 1875 487 1934 infinitivis
503 1875 695 1950 accipiuntur.
721 1873 883 1950 (Hrsnou,
902 1873 1023 1932 Muses.
1036 1873 1101 1950 all.)
1144 1871 1298 1932 Custodiis
1315 1891 1364 1950 per
1441 1883 1442 1886 ’

259 1975 440 2034 munimenta
456 1975 531 2032 bene
547 1972 719 2048 dispositis,
739 1983 893 2033 accuratae
911 1973 1116 2032 observandae
1133 1980 1202 2034 sunt
1219 1973 1302 2047 viae,
1320 1972 1364 2031 vel

260 2075 368 2154 quibus
374 2073 498 2132 subdole
509 2073 604 2132 irruat
610 2073 705 2132 hostis
714 2072 848 2151 (Mrem),
855 2074 903 2132 vel
915 2074 1022 2151 quibus
1033 2073 1265 2150 appropinquet,
1277 2083 1311 2132 ut
1324 2072 1363 2130 iili

259 2175 380 2234 obviam
398 2191 463 2232 cum
482 2172 613 2231 exercitu
630 2173 794 2248 procedant
811 2173 1002 2251 (Rumam).
1023 2186 1116 2239 hinnu
1139 2188 1210 2251 pru,
1231 2175 1364 2233 conforta

258 2276 391 2345 lumbos,
409 2274 429 2331 i.
441 2293 466 2332 e.
478 2281 615 2350 paratum
632 2283 663 2332 te
675 2274 764 2332 redde
777 2274 815 2332 ad
829 2273 1031 2334 sustinendam
1044 2291 1174 2349 pugnam
1182 2295 1192 2345 3
1209 2273 1241 2332 in
1258 2274 1363 2334 lumbis

259 2376 337 2434 enirn
360 2374 478 2434 roberte
501 2375 586 2433 sedes
604 2383 650 2434 est
667 2373 788 2434 Denter.
803 2374 928 2448 XXIII,
949 2380 996 2447 113
1026 2372 1129 2450 lReg.
1143 2373 1221 2444 XII,
1241 2380 1289 2448 1ος
1314 2375 1361 2434 Pe.
1442 2351 1443 2402 3

259 2475 379 2549 LXIX,
403 2480 452 2547 243
478 2475 532 2534 En.
552 2473 679 2549 XXIX,
703 2480 729 2534 7.
772 2475 907 2535 Eandem
931 2474 1106 2534 sententiam
1130 2474 1190 2534 alia
1213 2484 1363 2551 postremo

258 2566 350 2637 verba
366 2576 550 2654 exprimunt:
573 2591 636 2637 uren
659 2592 702 2636 nn
723 2590 802 2650 vna,
822 2577 963 2636 confirma
980 2576 1072 2634 robur
1088 2593 1278 2652 magnopere.
1305 2575 1362 2636 Gur

259 2678 421 2738 maioribus
437 2678 551 2737 vicibus
568 2683 653 2753 egeat
670 2695 760 2752 quam
785 2677 876 2750 alias,
901 2684 1046 2754 sequente
1065 2676 1218 2736 enuntiato
1236 2677 1363 2736 declara·

258 2788 320 2838 tur:
354 2778 439 2837 Deus
462 2779 539 2836 enim
564 2778 630 2854 ipse
653 2784 715 2848 est,
742 2777 825 2836 cuius
849 2776 993 2836 ministris
1014 2775 1060 2835 1111
1085 2786 1306 2853 oppugnantur.
1327 2811 1360 2820 -

257 2878 414 2938 Eiusmodi
431 2886 536 2938 autem*
546 2875 800 2951 interpellationes
817 2877 889 2954 quid
907 2877 964 2936 sibi
980 2877 1090 2948 vehat,
1114 2885 1252 2937 accurate
1269 2896 1360 2954 expo·

258 2978 319 3036 suit
341 2978 507 3036 Rornauus
530 2977 727 3046 Torrmusrs,
752 2994 818 3036 cum
842 2977 965 3036 diceretr
1001 2985 1098 3051 „sunt
1121 2977 1197 3037 istae
1220 2977 1360 3039 eiusmodi

258 3075 437 3146 sententiae,
462 3075 566 3151 quales
588 3074 772 3150 grammatici
796 3077 859 3136 sive
876 3077 1010 3138 rhetores
1034 3079 1289 3139 concessivae
1312 3097 1360 3155 ap·

256 3174 386 3251 pellant,
409 3175 513 3250 pulcro
529 3173 692 3234 locutionis
706 3176 795 3234 modo
812 3177 856 3236 ita
872 3196 905 3237 se
922 3179 1078 3253 habentes,
1102 3187 1187 3238 utet
1209 3179 1246 3238 in
1268 3199 1360 3239 cem·

256 3274 438 3352 pulsione
459 3275 700 3352 prohibeant,
723 3277 813 3336 etin
829 3279 1095 3355 prohibitione
1118 3281 1358 3356 compellant.

257 3375 343 3451 Quae
359 3384 457 3436 tamen
473 3397 510 3435 ne
526 3395 587 3435 nou
603 3375 770 3436 intellectae
785 3381 994 3455 persuasiones
1018 3399 1084 3440 esse
1100 3379 1271 3454 videantur,
1297 3399 1360 3458 per-

165 3537 171 3546 ,
256 3476 353 3536 nrixta
369 3485 439 3538 sunt
454 3477 556 3555 aliqua
572 3477 681 3551 verba,
705 3496 782 3556 qnae
799 3481 955 3542 manifeste
971 3489 1139 3558 repugnant
1155 3480 1223 3558 (cfr.
1240 3482 1301 3555 III,
1322 3486 1359 3540 14.

258 3577 322 3654 lb),
352 3597 405 3651 ne,
429 3577 511 3656 quod
540 3578 663 3651 dcitur,
693 3579 847 3640 audientes
869 3567 1080 3658 imperari'vel
1107 3581 1282 3657 persuaderi
1308 3601 1357 3663 pu·

255 3682 393 3738 tent.“-
408 3677 531 3754 Quanta
540 3679 601 3740 iam
613 3679 747 3738 imminet
763 3700 862 3742 rernm
875 3683 1015 3744 mutatio!
1033 3700 1157 3758 quorum
1172 3689 1359 3740 monumenta

254 3778 366 3838 arcium
383 3779 446 3840 suis
462 3779 557 3856 copiis
575 3779 738 3838 dirutarum
759 3781 940 3860 imaginibus
956 3784 1098 3855 horrent,
1121 3799 1249 3859 quorum
1262 3800 1358 3860 reges,

158 3877 164 3889 '
255 3886 287 3937 ut
303 3879 336 3938 iu
352 3879 555 3938 columnarum
571 3878 667 3940 titubo
683 3881 847 3955 iactantur,
872 3883 1038 3944 sexcenties
1060 3883 1149 3959 longe
1165 3881 1285 3960 lateque
1308 3883 1358 3940 im·

254 3979 329 4054 perii
352 3978 538 4054 protulerunt
559 3979 647 4051 flues,
672 3980 768 4040 -iis
794 3982 952 4042 exitiosum
977 4001 1055 4043 nnnc
1079 3982 1188 4043 bellum
1207 3982 1358 4041 moenibus

254 4076 488 4155 propulsandum
506 4086 560 4137 est.

307 4220 333 4279 1)
350 4219 405 4269 ctr.
423 4217 527 4270 (1111111111
543 4218 668 4285 Lehrgeb.
687 4219 777 4284 5209,
795 4225 826 4284 3,
843 4239 870 4285 c,
887 4241 912 4289 p.
925 4225 984 4274 783.

306 4305 333 4367 2)
350 4301 493 4354 comment
511 4305 543 4357 dc
552 4304 623 4358 Nino
641 4306 703 4356 urbe
721 4323 745 4369 p.
758 4307 799 4356 tt.
