<?xml version="1.0" encoding="UTF-8"?>
<!DOCTYPE html PUBLIC "-//W3C//DTD XHTML 1.0 Transitional//EN"
    "http://www.w3.org/TR/xhtml1/DTD/xhtml1-transitional.dtd">
<html xmlns="http://www.w3.org/1999/xhtml" xml:lang="en" lang="en">
 <head>
  <title>
</title>
<meta http-equiv="Content-Type" content="text/html;charset=utf-8" />
  <meta name='ocr-system' content='tesseract 3.04.00' />
  <meta name='ocr-capabilities' content='ocr_page ocr_carea ocr_par ocr_line ocrx_word'/>
</head>
<body>
  <div class='ocr_page' id='page_1' title='image "./nahumideninovat00stragoog/nahumideninovat00stragoog_0116.png"; bbox 0 0 2918 5098; ppageno 0'>
   <div class='ocr_carea' id='block_1_1' title="bbox 518 330 1169 403">
    <p class='ocr_par' dir='ltr' id='par_1_1' title="bbox 518 330 1169 403">
     <span class='ocr_line' id='line_1_1' title="bbox 518 330 1169 403; baseline -0.003 -13"><span class='ocrx_word' id='word_1_1' title='bbox 518 330 592 392; x_wconf 64' lang='lat' dir='ltr'><strong>cir.</strong></span> <span class='ocrx_word' id='word_1_2' title='bbox 606 331 630 403; x_wconf 90' lang='lat'><strong>1,</strong></span> <span class='ocrx_word' id='word_1_3' title='bbox 649 349 677 391; x_wconf 85' lang='lat' dir='ltr'><strong>n.</strong></span> <span class='ocrx_word' id='word_1_4' title='bbox 692 335 717 390; x_wconf 84' lang='lat'><strong>8.</strong></span> <span class='ocrx_word' id='word_1_5' title='bbox 1124 331 1169 402; x_wconf 80' lang='grc'><strong>27</strong></span> 
     </span>
    </p>
   </div>
   <div class='ocr_carea' id='block_1_2' title="bbox 63 505 1175 4132">
    <p class='ocr_par' dir='ltr' id='par_1_2' title="bbox 63 505 1171 1096">
     <span class='ocr_line' id='line_1_2' title="bbox 63 505 1170 600; baseline 0.003 -24"><span class='ocrx_word' id='word_1_6' title='bbox 63 517 186 594; x_wconf 84' lang='lat' dir='ltr'><strong>peritur,</strong></span> <span class='ocrx_word' id='word_1_7' title='bbox 203 514 296 575; x_wconf 80' lang='lat' dir='ltr'><strong>Lxx</strong></span> <span class='ocrx_word' id='word_1_8' title='bbox 315 505 393 585; x_wconf 81' lang='grc' dir='ltr'><em>τοὺς</em></span> <span class='ocrx_word' id='word_1_9' title='bbox 413 505 688 594; x_wconf 72' lang='grc' dir='ltr'><strong><em>ἔπεγειρομένους</em></strong></span> <span class='ocrx_word' id='word_1_10' title='bbox 708 505 767 576; x_wconf 80' lang='grc' dir='ltr'><strong>καὶ</strong></span> <span class='ocrx_word' id='word_1_11' title='bbox 786 507 865 588; x_wconf 79' lang='grc' dir='ltr'><em>τοὺς</em></span> <span class='ocrx_word' id='word_1_12' title='bbox 879 506 1038 600; x_wconf 70' lang='grc' dir='ltr'>ἐχθρούς,</span> <span class='ocrx_word' id='word_1_13' title='bbox 1062 515 1170 579; x_wconf 76' lang='lat' dir='ltr'><strong>Chald.</strong></span> 
     </span>
     <span class='ocr_line' id='line_1_3' title="bbox 63 615 1171 696; baseline 0.003 -19"><span class='ocrx_word' id='word_1_14' title='bbox 63 619 225 678; x_wconf 80' lang='lat' dir='ltr'><strong>Tuaonou.</strong></span> <span class='ocrx_word' id='word_1_15' title='bbox 243 615 353 694; x_wconf 81' lang='lat' dir='ltr'><strong>legisse</strong></span> <span class='ocrx_word' id='word_1_16' title='bbox 368 615 506 674; x_wconf 87' lang='lat' dir='ltr'><strong>videntur</strong></span> <span class='ocrx_word' id='word_1_17' title='bbox 518 630 638 692; x_wconf 56' lang='lat' dir='ltr'><strong>neuneu,</strong></span> <span class='ocrx_word' id='word_1_18' title='bbox 657 636 734 696; x_wconf 87' lang='lat' dir='ltr'><strong>quoe</strong></span> <span class='ocrx_word' id='word_1_19' title='bbox 752 617 1057 694; x_wconf 83' lang='lat' dir='ltr'><strong>sequuntnrDarus,</strong></span> <span class='ocrx_word' id='word_1_20' title='bbox 1074 619 1171 692; x_wconf 82' lang='lat' dir='ltr'><strong>Iusrr,</strong></span> 
     </span>
     <span class='ocr_line' id='line_1_4' title="bbox 64 717 1171 797; baseline 0.002 -19"><span class='ocrx_word' id='word_1_21' title='bbox 64 718 188 790; x_wconf 72' lang='lat' dir='ltr'><strong>Garun,</strong></span> <span class='ocrx_word' id='word_1_22' title='bbox 214 717 462 789; x_wconf 71' lang='lat' dir='ltr'><strong>Mmonuoom‘r,</strong></span> <span class='ocrx_word' id='word_1_23' title='bbox 485 725 590 776; x_wconf 86' lang='lat' dir='ltr'><strong>eontra</strong></span> <span class='ocrx_word' id='word_1_24' title='bbox 608 737 684 797; x_wconf 89' lang='lat' dir='ltr'><strong>quos</strong></span> <span class='ocrx_word' id='word_1_25' title='bbox 701 717 834 778; x_wconf 71' lang='lat' dir='ltr'><strong>Fatuus</strong></span> <span class='ocrx_word' id='word_1_26' title='bbox 850 719 870 778; x_wconf 89' lang='lat' dir='ltr'><strong>l.</strong></span> <span class='ocrx_word' id='word_1_27' title='bbox 888 719 909 778; x_wconf 85' lang='lat'><strong>1.</strong></span> <span class='ocrx_word' id='word_1_28' title='bbox 927 737 956 796; x_wconf 90' lang='lat' dir='ltr'><strong>p.</strong></span> <span class='ocrx_word' id='word_1_29' title='bbox 971 723 1003 776; x_wconf 82' lang='lat'><strong>14</strong></span> <span class='ocrx_word' id='word_1_30' title='bbox 1015 737 1057 780; x_wconf 87' lang='lat' dir='ltr'><strong>ss.</strong></span> <span class='ocrx_word' id='word_1_31' title='bbox 1075 739 1171 796; x_wconf 84' lang='lat' dir='ltr'><strong>appo-</strong></span> 
     </span>
     <span class='ocr_line' id='line_1_5' title="bbox 64 817 1171 908; baseline 0.001 -29"><span class='ocrx_word' id='word_1_32' title='bbox 64 820 120 879; x_wconf 86' lang='lat' dir='ltr'><strong>site</strong></span> <span class='ocrx_word' id='word_1_33' title='bbox 137 827 250 890; x_wconf 90' lang='lat' dir='ltr'><strong>monet,</strong></span> <span class='ocrx_word' id='word_1_34' title='bbox 273 832 350 894; x_wconf 53' lang='lat' dir='ltr'><strong>napo</strong></span> <span class='ocrx_word' id='word_1_35' title='bbox 368 836 434 878; x_wconf 85' lang='lat' dir='ltr'><strong>esse</strong></span> <span class='ocrx_word' id='word_1_36' title='bbox 451 817 596 890; x_wconf 79' lang='lat' dir='ltr'><strong>exaitare3</strong></span> <span class='ocrx_word' id='word_1_37' title='bbox 620 819 722 896; x_wconf 88' lang='lat' dir='ltr'><strong>legunt</strong></span> <span class='ocrx_word' id='word_1_38' title='bbox 738 837 829 895; x_wconf 84' lang='lat' dir='ltr'><strong>porro</strong></span> <span class='ocrx_word' id='word_1_39' title='bbox 846 835 966 908; x_wconf 54' lang='lat' dir='ltr'><strong>”²3er</strong></span> <span class='ocrx_word' id='word_1_40' title='bbox 992 828 1022 879; x_wconf 88' lang='lat' dir='ltr'><strong>et</strong></span> <span class='ocrx_word' id='word_1_41' title='bbox 1038 831 1070 896; x_wconf 75' lang='lat' dir='ltr'><strong>ps</strong></span> <span class='ocrx_word' id='word_1_42' title='bbox 1093 820 1171 880; x_wconf 81' lang='lat' dir='ltr'><strong>acei-</strong></span> 
     </span>
     <span class='ocr_line' id='line_1_6' title="bbox 63 907 1170 996; baseline 0.002 -18"><span class='ocrx_word' id='word_1_43' title='bbox 63 921 147 996; x_wconf 84' lang='lat' dir='ltr'><strong>piunt</strong></span> <span class='ocrx_word' id='word_1_44' title='bbox 161 938 217 996; x_wconf 88' lang='lat' dir='ltr'><strong>pro</strong></span> <span class='ocrx_word' id='word_1_45' title='bbox 235 918 386 996; x_wconf 85' lang='lat' dir='ltr'><strong>genitivo,</strong></span> <span class='ocrx_word' id='word_1_46' title='bbox 409 918 486 978; x_wconf 79' lang='lat' dir='ltr'><strong>mule</strong></span> <span class='ocrx_word' id='word_1_47' title='bbox 502 919 652 980; x_wconf 80' lang='lat' dir='ltr'><strong>intellecto</strong></span> <span class='ocrx_word' id='word_1_48' title='bbox 670 933 702 996; x_wconf 69' lang='lat' dir='ltr'><strong>tu</strong></span> <span class='ocrx_word' id='word_1_49' title='bbox 723 919 770 993; x_wconf 91' lang='lat'><strong>11,</strong></span> <span class='ocrx_word' id='word_1_50' title='bbox 790 923 837 993; x_wconf 88' lang='lat'><strong>10,</strong></span> <span class='ocrx_word' id='word_1_51' title='bbox 860 921 985 986; x_wconf 82' lang='lat' dir='ltr'><strong>Aonrm</strong></span> <span class='ocrx_word' id='word_1_52' title='bbox 1012 907 1082 982; x_wconf 76' lang='grc' dir='ltr'><strong>ἀπὸ</strong></span> <span class='ocrx_word' id='word_1_53' title='bbox 1103 919 1170 982; x_wconf 79' lang='grc' dir='ltr'><strong>τῶν</strong></span> 
     </span>
     <span class='ocr_line' id='line_1_7' title="bbox 65 1009 659 1096; baseline -0.002 -16"><span class='ocrx_word' id='word_1_54' title='bbox 65 1009 305 1096; x_wconf 73' lang='grc' dir='ltr'><strong><em>ἀνισταμένων,</em></strong></span> <span class='ocrx_word' id='word_1_55' title='bbox 327 1019 659 1092; x_wconf 65' lang='lat' dir='ltr'><strong>Praetutianum.</strong></span> 
     </span>
    </p>

    <p class='ocr_par' dir='ltr' id='par_1_3' title="bbox 64 1119 1175 4012">
     <span class='ocr_line' id='line_1_8' title="bbox 113 1119 1173 1184; baseline 0.004 -4"><span class='ocrx_word' id='word_1_56' title='bbox 113 1121 176 1180; x_wconf 89' lang='lat' dir='ltr'><strong>Iam</strong></span> <span class='ocrx_word' id='word_1_57' title='bbox 198 1140 270 1180; x_wconf 83' lang='lat' dir='ltr'><strong>vero</strong></span> <span class='ocrx_word' id='word_1_58' title='bbox 293 1120 465 1180; x_wconf 71' lang='lat' dir='ltr'><strong>vaticinium</strong></span> <span class='ocrx_word' id='word_1_59' title='bbox 489 1119 538 1180; x_wconf 88' lang='lat' dir='ltr'><strong>hio</strong></span> <span class='ocrx_word' id='word_1_60' title='bbox 560 1120 671 1180; x_wconf 91' lang='lat' dir='ltr'><strong>editum</strong></span> <span class='ocrx_word' id='word_1_61' title='bbox 695 1121 880 1180; x_wconf 81' lang='lat' dir='ltr'><strong>adverbum</strong></span> <span class='ocrx_word' id='word_1_62' title='bbox 904 1123 1038 1184; x_wconf 84' lang='lat' dir='ltr'><strong>evenisse</strong></span> <span class='ocrx_word' id='word_1_63' title='bbox 1061 1124 1173 1184; x_wconf 79' lang='lat' dir='ltr'>docent</span> 
     </span>
     <span class='ocr_line' id='line_1_9' title="bbox 64 1221 1169 1298; baseline 0.004 -16"><span class='ocrx_word' id='word_1_64' title='bbox 64 1223 223 1282; x_wconf 65' lang='lat' dir='ltr'><strong>Kreusis</strong></span> <span class='ocrx_word' id='word_1_65' title='bbox 240 1241 268 1280; x_wconf 86' lang='lat' dir='ltr'><strong>a.</strong></span> <span class='ocrx_word' id='word_1_66' title='bbox 286 1221 316 1280; x_wconf 88' lang='lat' dir='ltr'><strong>h.</strong></span> <span class='ocrx_word' id='word_1_67' title='bbox 334 1242 363 1280; x_wconf 91' lang='lat' dir='ltr'><strong>v.</strong></span> <span class='ocrx_word' id='word_1_68' title='bbox 387 1229 417 1280; x_wconf 92' lang='lat' dir='ltr'><strong>et</strong></span> <span class='ocrx_word' id='word_1_69' title='bbox 439 1221 546 1282; x_wconf 78' lang='lat' dir='ltr'><strong>Kumu</strong></span> <span class='ocrx_word' id='word_1_70' title='bbox 569 1221 642 1298; x_wconf 88' lang='lat' dir='ltr'><strong>(Die</strong></span> <span class='ocrx_word' id='word_1_71' title='bbox 664 1221 772 1283; x_wconf 77' lang='lat' dir='ltr'><strong>Erfttl.</strong></span> <span class='ocrx_word' id='word_1_72' title='bbox 798 1223 851 1296; x_wconf 71' lang='lat' dir='ltr'><strong>der·</strong></span> <span class='ocrx_word' id='word_1_73' title='bbox 873 1222 1039 1284; x_wconf 87' lang='lat' dir='ltr'><strong>biblieehen</strong></span> <span class='ocrx_word' id='word_1_74' title='bbox 1058 1225 1169 1288; x_wconf 88' lang='lat' dir='ltr'><strong>Weiss.</strong></span> 
     </span>
     <span class='ocr_line' id='line_1_10' title="bbox 65 1321 1169 1400; baseline 0.003 -17"><span class='ocrx_word' id='word_1_75' title='bbox 65 1322 173 1399; x_wconf 85' lang='lat' dir='ltr'><strong>Stuttg.</strong></span> <span class='ocrx_word' id='word_1_76' title='bbox 190 1326 257 1382; x_wconf 82' lang='lat'>1844</span> <span class='ocrx_word' id='word_1_77' title='bbox 273 1341 304 1398; x_wconf 88' lang='lat' dir='ltr'><strong>p.</strong></span> <span class='ocrx_word' id='word_1_78' title='bbox 320 1321 400 1400; x_wconf 68' lang='lat'><strong>259),</strong></span> <span class='ocrx_word' id='word_1_79' title='bbox 427 1341 493 1382; x_wconf 89' lang='lat' dir='ltr'><strong>oum</strong></span> <span class='ocrx_word' id='word_1_80' title='bbox 504 1321 642 1384; x_wconf 84' lang='lat' dir='ltr'><strong>Droooa.</strong></span> <span class='ocrx_word' id='word_1_81' title='bbox 666 1321 769 1384; x_wconf 81' lang='lat' dir='ltr'><strong>Stouu.</strong></span> <span class='ocrx_word' id='word_1_82' title='bbox 791 1323 870 1384; x_wconf 91' lang='lat' dir='ltr'><strong>Bibl.</strong></span> <span class='ocrx_word' id='word_1_83' title='bbox 883 1323 932 1398; x_wconf 89' lang='grc' dir='ltr'><strong>Π,</strong></span> <span class='ocrx_word' id='word_1_84' title='bbox 950 1329 984 1382; x_wconf 75' lang='lat'><strong>26</strong></span> <span class='ocrx_word' id='word_1_85' title='bbox 1002 1325 1169 1400; x_wconf 70' lang='lat' dir='ltr'><strong>tradiderit,</strong></span> 
     </span>
     <span class='ocr_line' id='line_1_11' title="bbox 65 1421 1172 1502; baseline 0.005 -20"><span class='ocrx_word' id='word_1_86' title='bbox 65 1431 135 1500; x_wconf 86' lang='lat' dir='ltr'><strong>post</strong></span> <span class='ocrx_word' id='word_1_87' title='bbox 161 1423 329 1484; x_wconf 89' lang='lat' dir='ltr'><strong>diuturnam</strong></span> <span class='ocrx_word' id='word_1_88' title='bbox 359 1421 436 1484; x_wconf 87' lang='lat' dir='ltr'><strong>Nini</strong></span> <span class='ocrx_word' id='word_1_89' title='bbox 468 1423 652 1484; x_wconf 78' lang='lat' dir='ltr'><strong>obsidionem</strong></span> <span class='ocrx_word' id='word_1_90' title='bbox 683 1424 852 1502; x_wconf 79' lang='lat' dir='ltr'><strong>Tigridem,</strong></span> <span class='ocrx_word' id='word_1_91' title='bbox 888 1425 989 1486; x_wconf 88' lang='lat' dir='ltr'><strong>multis</strong></span> <span class='ocrx_word' id='word_1_92' title='bbox 1024 1427 1172 1488; x_wconf 77' lang='lat' dir='ltr'><strong>imbribus</strong></span> 
     </span>
     <span class='ocr_line' id='line_1_12' title="bbox 65 1525 1170 1605; baseline 0.005 -23"><span class='ocrx_word' id='word_1_93' title='bbox 65 1543 240 1602; x_wconf 81' lang='lat' dir='ltr'><strong>magnopere</strong></span> <span class='ocrx_word' id='word_1_94' title='bbox 271 1532 445 1598; x_wconf 78' lang='lat' dir='ltr'><strong>exsectum,</strong></span> <span class='ocrx_word' id='word_1_95' title='bbox 475 1525 626 1602; x_wconf 76' lang='lat' dir='ltr'><strong>perruptis</strong></span> <span class='ocrx_word' id='word_1_96' title='bbox 655 1525 747 1586; x_wconf 84' lang='lat' dir='ltr'><strong>muris</strong></span> <span class='ocrx_word' id='word_1_97' title='bbox 777 1543 915 1602; x_wconf 89' lang='lat' dir='ltr'><strong>magnam</strong></span> <span class='ocrx_word' id='word_1_98' title='bbox 948 1527 1031 1586; x_wconf 85' lang='lat' dir='ltr'><strong>urbis</strong></span> <span class='ocrx_word' id='word_1_99' title='bbox 1053 1538 1170 1605; x_wconf 86' lang='lat' dir='ltr'><strong>partem</strong></span> 
     </span>
     <span class='ocr_line' id='line_1_13' title="bbox 65 1623 1171 1705; baseline 0.003 -21"><span class='ocrx_word' id='word_1_100' title='bbox 65 1626 237 1698; x_wconf 81' lang='lat' dir='ltr'><strong>inundasee3</strong></span> <span class='ocrx_word' id='word_1_101' title='bbox 260 1633 324 1684; x_wconf 90' lang='lat' dir='ltr'><strong>tum</strong></span> <span class='ocrx_word' id='word_1_102' title='bbox 341 1645 413 1685; x_wconf 85' lang='lat' dir='ltr'><strong>vero</strong></span> <span class='ocrx_word' id='word_1_103' title='bbox 436 1645 535 1705; x_wconf 83' lang='lat' dir='ltr'><strong>regem</strong></span> <span class='ocrx_word' id='word_1_104' title='bbox 553 1623 807 1702; x_wconf 74' lang='lat' dir='ltr'><strong>Sardanapalum,</strong></span> <span class='ocrx_word' id='word_1_105' title='bbox 831 1634 917 1686; x_wconf 89' lang='lat' dir='ltr'><strong>vetus</strong></span> <span class='ocrx_word' id='word_1_106' title='bbox 934 1628 1085 1705; x_wconf 83' lang='lat' dir='ltr'><strong>quoddam</strong></span> <span class='ocrx_word' id='word_1_107' title='bbox 1103 1646 1171 1688; x_wconf 84' lang='lat' dir='ltr'><strong>ora·</strong></span> 
     </span>
     <span class='ocr_line' id='line_1_14' title="bbox 65 1725 1170 1806; baseline 0 -20"><span class='ocrx_word' id='word_1_108' title='bbox 65 1727 162 1786; x_wconf 81' lang='lat' dir='ltr'><strong>onium</strong></span> <span class='ocrx_word' id='word_1_109' title='bbox 177 1726 342 1786; x_wconf 86' lang='lat' dir='ltr'><strong>eonfeotnm</strong></span> <span class='ocrx_word' id='word_1_110' title='bbox 358 1737 457 1801; x_wconf 86' lang='lat' dir='ltr'><strong>ratus,</strong></span> <span class='ocrx_word' id='word_1_111' title='bbox 475 1746 536 1806; x_wconf 92' lang='lat' dir='ltr'><strong>quo</strong></span> <span class='ocrx_word' id='word_1_112' title='bbox 555 1745 616 1786; x_wconf 89' lang='lat' dir='ltr'><strong>non</strong></span> <span class='ocrx_word' id='word_1_113' title='bbox 633 1725 725 1788; x_wconf 84' lang='lat' dir='ltr'><strong>everti</strong></span> <span class='ocrx_word' id='word_1_114' title='bbox 743 1727 844 1786; x_wconf 88' lang='lat' dir='ltr'><strong>urbem</strong></span> <span class='ocrx_word' id='word_1_115' title='bbox 861 1726 1093 1803; x_wconf 82' lang='lat' dir='ltr'><strong>praediceretur,</strong></span> <span class='ocrx_word' id='word_1_116' title='bbox 1112 1727 1170 1787; x_wconf 88' lang='lat' dir='ltr'><strong>nisi</strong></span> 
     </span>
     <span class='ocr_line' id='line_1_15' title="bbox 65 1827 1171 1902; baseline 0.002 -16"><span class='ocrx_word' id='word_1_117' title='bbox 65 1829 170 1888; x_wconf 83' lang='lat' dir='ltr'><strong>fluvius</strong></span> <span class='ocrx_word' id='word_1_118' title='bbox 183 1827 323 1890; x_wconf 77' lang='lat' dir='ltr'><strong>inimicus</strong></span> <span class='ocrx_word' id='word_1_119' title='bbox 339 1829 423 1890; x_wconf 86' lang='lat' dir='ltr'><strong>urbis</strong></span> <span class='ocrx_word' id='word_1_120' title='bbox 440 1829 537 1889; x_wconf 84' lang='lat' dir='ltr'><strong>iaetus</strong></span> <span class='ocrx_word' id='word_1_121' title='bbox 555 1835 647 1902; x_wconf 87' lang='lat' dir='ltr'><strong>esset,</strong></span> <span class='ocrx_word' id='word_1_122' title='bbox 672 1846 738 1888; x_wconf 85' lang='lat' dir='ltr'><strong>sese</strong></span> <span class='ocrx_word' id='word_1_123' title='bbox 753 1846 820 1887; x_wconf 86' lang='lat' dir='ltr'><strong>oum</strong></span> <span class='ocrx_word' id='word_1_124' title='bbox 836 1827 1018 1889; x_wconf 89' lang='lat' dir='ltr'><strong>mulieroulis</strong></span> <span class='ocrx_word' id='word_1_125' title='bbox 1036 1838 1091 1889; x_wconf 86' lang='lat' dir='ltr'><strong>eto.</strong></span> <span class='ocrx_word' id='word_1_126' title='bbox 1109 1847 1171 1889; x_wconf 84' lang='lat' dir='ltr'><strong>ore-</strong></span> 
     </span>
     <span class='ocr_line' id='line_1_16' title="bbox 65 1927 1172 2006; baseline 0.005 -20"><span class='ocrx_word' id='word_1_127' title='bbox 65 1948 169 1988; x_wconf 82' lang='lat' dir='ltr'><strong>masse.</strong></span> <span class='ocrx_word' id='word_1_128' title='bbox 213 1927 270 1990; x_wconf 81' lang='lat' dir='ltr'><strong>eui</strong></span> <span class='ocrx_word' id='word_1_129' title='bbox 292 1930 456 1990; x_wconf 85' lang='lat' dir='ltr'><strong>sententiae</strong></span> <span class='ocrx_word' id='word_1_130' title='bbox 479 1929 607 2006; x_wconf 90' lang='lat' dir='ltr'><strong>primum</strong></span> <span class='ocrx_word' id='word_1_131' title='bbox 636 1929 745 2002; x_wconf 78' lang='lat' dir='ltr'><strong>officit,</strong></span> <span class='ocrx_word' id='word_1_132' title='bbox 775 1929 857 2006; x_wconf 91' lang='lat' dir='ltr'><strong>quod</strong></span> <span class='ocrx_word' id='word_1_133' title='bbox 886 1948 924 1988; x_wconf 84' lang='lat' dir='ltr'><strong>ex</strong></span> <span class='ocrx_word' id='word_1_134' title='bbox 947 1930 1042 1990; x_wconf 87' lang='lat' dir='ltr'><strong>altero</strong></span> <span class='ocrx_word' id='word_1_135' title='bbox 1066 1949 1172 1992; x_wconf 85' lang='lat' dir='ltr'><strong>versus</strong></span> 
     </span>
     <span class='ocr_line' id='line_1_17' title="bbox 65 2030 1171 2107; baseline 0.004 -19"><span class='ocrx_word' id='word_1_136' title='bbox 65 2030 211 2102; x_wconf 88' lang='lat' dir='ltr'><strong>membro,</strong></span> <span class='ocrx_word' id='word_1_137' title='bbox 237 2037 268 2088; x_wconf 90' lang='lat' dir='ltr'><strong>et</strong></span> <span class='ocrx_word' id='word_1_138' title='bbox 289 2049 327 2090; x_wconf 83' lang='lat' dir='ltr'><strong>ex</strong></span> <span class='ocrx_word' id='word_1_139' title='bbox 345 2051 373 2090; x_wconf 82' lang='lat' dir='ltr'><strong>v.</strong></span> <span class='ocrx_word' id='word_1_140' title='bbox 389 2036 422 2091; x_wconf 91' lang='lat'><strong>10</strong></span> <span class='ocrx_word' id='word_1_141' title='bbox 438 2031 495 2090; x_wconf 74' lang='lat' dir='ltr'><strong>ali.¹</strong></span> <span class='ocrx_word' id='word_1_142' title='bbox 514 2038 656 2107; x_wconf 87' lang='lat' dir='ltr'><strong>apparet,</strong></span> <span class='ocrx_word' id='word_1_143' title='bbox 679 2031 717 2090; x_wconf 88' lang='lat' dir='ltr'><strong>de</strong></span> <span class='ocrx_word' id='word_1_144' title='bbox 738 2030 932 2091; x_wconf 89' lang='lat' dir='ltr'><strong>inundatione</strong></span> <span class='ocrx_word' id='word_1_145' title='bbox 948 2040 1048 2092; x_wconf 86' lang='lat' dir='ltr'><strong>vatem</strong></span> <span class='ocrx_word' id='word_1_146' title='bbox 1073 2032 1171 2096; x_wconf 86' lang='lat' dir='ltr'><strong>dioere</strong></span> 
     </span>
     <span class='ocr_line' id='line_1_18' title="bbox 65 2130 1170 2210; baseline 0.002 -20"><span class='ocrx_word' id='word_1_147' title='bbox 65 2149 115 2206; x_wconf 87' lang='lat' dir='ltr'><strong>per</strong></span> <span class='ocrx_word' id='word_1_148' title='bbox 137 2130 312 2207; x_wconf 66' lang='lat' dir='ltr'><strong>imaginem</strong></span> <span class='ocrx_word' id='word_1_149' title='bbox 343 2131 449 2192; x_wconf 87' lang='lat' dir='ltr'><strong>deinde</strong></span> <span class='ocrx_word' id='word_1_150' title='bbox 479 2132 560 2210; x_wconf 89' lang='lat' dir='ltr'><strong>quod</strong></span> <span class='ocrx_word' id='word_1_151' title='bbox 585 2130 739 2192; x_wconf 83' lang='lat' dir='ltr'><strong>Diodorus</strong></span> <span class='ocrx_word' id='word_1_152' title='bbox 762 2132 799 2192; x_wconf 88' lang='lat' dir='ltr'><strong>de</strong></span> <span class='ocrx_word' id='word_1_153' title='bbox 825 2133 946 2192; x_wconf 80' lang='lat' dir='ltr'><strong>oraotdo</strong></span> <span class='ocrx_word' id='word_1_154' title='bbox 971 2135 1063 2194; x_wconf 82' lang='lat' dir='ltr'><strong>verba</strong></span> <span class='ocrx_word' id='word_1_155' title='bbox 1085 2133 1170 2207; x_wconf 82' lang='lat' dir='ltr'><strong>facit,</strong></span> 
     </span>
     <span class='ocr_line' id='line_1_19' title="bbox 66 2229 1170 2312; baseline 0.004 -22"><span class='ocrx_word' id='word_1_156' title='bbox 66 2233 143 2308; x_wconf 88' lang='lat' dir='ltr'><strong>quod</strong></span> <span class='ocrx_word' id='word_1_157' title='bbox 159 2240 190 2292; x_wconf 88' lang='lat' dir='ltr'><strong>et</strong></span> <span class='ocrx_word' id='word_1_158' title='bbox 207 2231 362 2311; x_wconf 86' lang='lat' dir='ltr'><strong>antiquum</strong></span> <span class='ocrx_word' id='word_1_159' title='bbox 379 2241 458 2294; x_wconf 86' lang='lat' dir='ltr'><strong>esset</strong></span> <span class='ocrx_word' id='word_1_160' title='bbox 470 2267 523 2306; x_wconf 89' lang='lat'><strong>-,</strong></span> <span class='ocrx_word' id='word_1_161' title='bbox 540 2229 697 2294; x_wconf 85' lang='lat' dir='ltr'><strong>Nahumus</strong></span> <span class='ocrx_word' id='word_1_162' title='bbox 713 2242 813 2293; x_wconf 86' lang='lat' dir='ltr'><strong>autem</strong></span> <span class='ocrx_word' id='word_1_163' title='bbox 830 2233 884 2293; x_wconf 86' lang='lat' dir='ltr'><strong>vix</strong></span> <span class='ocrx_word' id='word_1_164' title='bbox 897 2233 1056 2312; x_wconf 77' lang='lat' dir='ltr'><strong>sexaginta</strong></span> <span class='ocrx_word' id='word_1_165' title='bbox 1073 2253 1170 2295; x_wconf 90' lang='lat' dir='ltr'><strong>annos</strong></span> 
     </span>
     <span class='ocr_line' id='line_1_20' title="bbox 65 2333 1173 2410; baseline 0.004 -18"><span class='ocrx_word' id='word_1_166' title='bbox 65 2341 130 2392; x_wconf 88' lang='lat' dir='ltr'><strong>ante</strong></span> <span class='ocrx_word' id='word_1_167' title='bbox 148 2333 398 2410; x_wconf 84' lang='lat' dir='ltr'><strong>expugnationem</strong></span> <span class='ocrx_word' id='word_1_168' title='bbox 414 2333 488 2394; x_wconf 91' lang='lat' dir='ltr'><strong>Nini</strong></span> <span class='ocrx_word' id='word_1_169' title='bbox 504 2333 682 2395; x_wconf 83' lang='lat' dir='ltr'><strong>vaticinatus</strong></span> <span class='ocrx_word' id='word_1_170' title='bbox 706 2343 752 2394; x_wconf 85' lang='lat' dir='ltr'><strong>est</strong></span> <span class='ocrx_word' id='word_1_171' title='bbox 774 2367 810 2378; x_wconf 83' lang='lat'><strong>-</strong></span> <span class='ocrx_word' id='word_1_172' title='bbox 835 2342 865 2393; x_wconf 89' lang='lat' dir='ltr'><strong>et</strong></span> <span class='ocrx_word' id='word_1_173' title='bbox 888 2335 1033 2398; x_wconf 90' lang='lat' dir='ltr'><strong>eiusmodi</strong></span> <span class='ocrx_word' id='word_1_174' title='bbox 1051 2337 1173 2398; x_wconf 89' lang='lat' dir='ltr'><strong>omniuo</strong></span> 
     </span>
     <span class='ocr_line' id='line_1_21' title="bbox 66 2433 1171 2512; baseline 0.002 -20"><span class='ocrx_word' id='word_1_175' title='bbox 66 2442 122 2508; x_wconf 86' lang='lat' dir='ltr'><strong>est,</strong></span> <span class='ocrx_word' id='word_1_176' title='bbox 151 2443 186 2496; x_wconf 88' lang='lat' dir='ltr'><strong>ut</strong></span> <span class='ocrx_word' id='word_1_177' title='bbox 215 2433 297 2493; x_wconf 88' lang='lat' dir='ltr'><strong>nulla</strong></span> <span class='ocrx_word' id='word_1_178' title='bbox 318 2454 385 2494; x_wconf 88' lang='lat' dir='ltr'><strong>oum</strong></span> <span class='ocrx_word' id='word_1_179' title='bbox 407 2435 488 2496; x_wconf 87' lang='lat' dir='ltr'><strong>hisee</strong></span> <span class='ocrx_word' id='word_1_180' title='bbox 510 2435 611 2498; x_wconf 82' lang='lat' dir='ltr'><strong>verbis</strong></span> <span class='ocrx_word' id='word_1_181' title='bbox 640 2434 785 2494; x_wconf 87' lang='lat' dir='ltr'><strong>oontineri</strong></span> <span class='ocrx_word' id='word_1_182' title='bbox 810 2435 926 2494; x_wconf 88' lang='lat' dir='ltr'><strong>ratione</strong></span> <span class='ocrx_word' id='word_1_183' title='bbox 955 2445 1108 2512; x_wconf 84' lang='lat' dir='ltr'><strong>appareat.</strong></span> <span class='ocrx_word' id='word_1_184' title='bbox 1134 2469 1171 2480; x_wconf 89' lang='lat'><strong>-</strong></span> 
     </span>
     <span class='ocr_line' id='line_1_22' title="bbox 64 2533 1173 2614; baseline 0.002 -22"><span class='ocrx_word' id='word_1_185' title='bbox 64 2535 144 2596; x_wconf 88' lang='lat' dir='ltr'><strong>Idem</strong></span> <span class='ocrx_word' id='word_1_186' title='bbox 162 2535 268 2594; x_wconf 86' lang='lat' dir='ltr'><strong>deinde</strong></span> <span class='ocrx_word' id='word_1_187' title='bbox 285 2535 441 2598; x_wconf 74' lang='lat' dir='ltr'><strong>Kurrums</strong></span> <span class='ocrx_word' id='word_1_188' title='bbox 458 2539 551 2614; x_wconf 75' lang='lat' dir='ltr'><strong>pass</strong></span> <span class='ocrx_word' id='word_1_189' title='bbox 564 2554 605 2596; x_wconf 89' lang='lat' dir='ltr'><strong>ss.</strong></span> <span class='ocrx_word' id='word_1_190' title='bbox 623 2544 653 2594; x_wconf 88' lang='lat' dir='ltr'><strong>et</strong></span> <span class='ocrx_word' id='word_1_191' title='bbox 670 2534 805 2594; x_wconf 85' lang='lat' dir='ltr'><strong>nonnulli</strong></span> <span class='ocrx_word' id='word_1_192' title='bbox 827 2533 879 2593; x_wconf 86' lang='lat' dir='ltr'><strong>alii</strong></span> <span class='ocrx_word' id='word_1_193' title='bbox 903 2535 1029 2594; x_wconf 83' lang='lat' dir='ltr'><strong>alteram</strong></span> <span class='ocrx_word' id='word_1_194' title='bbox 1046 2535 1173 2594; x_wconf 87' lang='lat' dir='ltr'><strong>membri</strong></span> 
     </span>
     <span class='ocr_line' id='line_1_23' title="bbox 64 2633 1172 2711; baseline 0 -17"><span class='ocrx_word' id='word_1_195' title='bbox 64 2646 179 2711; x_wconf 89' lang='lat' dir='ltr'><strong>partem</strong></span> <span class='ocrx_word' id='word_1_196' title='bbox 195 2637 238 2695; x_wconf 90' lang='lat' dir='ltr'><strong>ita</strong></span> <span class='ocrx_word' id='word_1_197' title='bbox 255 2638 419 2696; x_wconf 85' lang='lat' dir='ltr'><strong>eonfeotam</strong></span> <span class='ocrx_word' id='word_1_198' title='bbox 436 2636 663 2708; x_wconf 79' lang='lat' dir='ltr'><strong>contenderunt,</strong></span> <span class='ocrx_word' id='word_1_199' title='bbox 680 2643 714 2694; x_wconf 91' lang='lat' dir='ltr'><strong>ut</strong></span> <span class='ocrx_word' id='word_1_200' title='bbox 725 2634 827 2708; x_wconf 84' lang='lat' dir='ltr'><strong>loeus,</strong></span> <span class='ocrx_word' id='word_1_201' title='bbox 845 2634 896 2694; x_wconf 91' lang='lat' dir='ltr'><strong>ubi</strong></span> <span class='ocrx_word' id='word_1_202' title='bbox 906 2633 1006 2694; x_wconf 83' lang='lat' dir='ltr'><strong>Ninus</strong></span> <span class='ocrx_word' id='word_1_203' title='bbox 1018 2633 1076 2694; x_wconf 85' lang='lat' dir='ltr'><strong>init</strong></span> <span class='ocrx_word' id='word_1_204' title='bbox 1088 2635 1172 2710; x_wconf 88' lang='lat' dir='ltr'><strong>olim,</strong></span> 
     </span>
     <span class='ocr_line' id='line_1_24' title="bbox 64 2735 1172 2815; baseline 0.002 -21"><span class='ocrx_word' id='word_1_205' title='bbox 64 2737 186 2812; x_wconf 87' lang='lat' dir='ltr'><strong>reperiri</strong></span> <span class='ocrx_word' id='word_1_206' title='bbox 203 2737 323 2797; x_wconf 88' lang='lat' dir='ltr'><strong>omnino</strong></span> <span class='ocrx_word' id='word_1_207' title='bbox 340 2757 400 2796; x_wconf 90' lang='lat' dir='ltr'><strong>non</strong></span> <span class='ocrx_word' id='word_1_208' title='bbox 416 2747 534 2815; x_wconf 88' lang='lat' dir='ltr'><strong>posset,</strong></span> <span class='ocrx_word' id='word_1_209' title='bbox 552 2735 684 2796; x_wconf 79' lang='lat' dir='ltr'><strong>Lucmul</strong></span> <span class='ocrx_word' id='word_1_210' title='bbox 701 2736 763 2794; x_wconf 86' lang='lat' dir='ltr'><strong>fere</strong></span> <span class='ocrx_word' id='word_1_211' title='bbox 779 2735 949 2813; x_wconf 83' lang='lat' dir='ltr'><strong>ignorantia</strong></span> <span class='ocrx_word' id='word_1_212' title='bbox 966 2736 1114 2794; x_wconf 79' lang='lat' dir='ltr'><strong>commoti.</strong></span> <span class='ocrx_word' id='word_1_213' title='bbox 1139 2736 1172 2796; x_wconf 92' lang='lat' dir='ltr'><strong>Is</strong></span> 
     </span>
     <span class='ocr_line' id='line_1_25' title="bbox 66 2823 1174 2919; baseline 0.001 -24"><span class='ocrx_word' id='word_1_214' title='bbox 66 2839 142 2896; x_wconf 89' lang='lat' dir='ltr'><strong>euim</strong></span> <span class='ocrx_word' id='word_1_215' title='bbox 159 2839 190 2897; x_wconf 88' lang='lat' dir='ltr'><strong>in</strong></span> <span class='ocrx_word' id='word_1_216' title='bbox 208 2839 276 2898; x_wconf 83' lang='lat' dir='ltr'><strong>dial.</strong></span> <span class='ocrx_word' id='word_1_217' title='bbox 290 2827 571 2910; x_wconf 75' lang='grc' dir='ltr'><strong><em>Ἐπισκοποῢντες</em></strong></span> <span class='ocrx_word' id='word_1_218' title='bbox 592 2849 613 2896; x_wconf 88' lang='lat' dir='ltr'><strong>t.</strong></span> <span class='ocrx_word' id='word_1_219' title='bbox 627 2838 658 2912; x_wconf 89' lang='grc' dir='ltr'><strong>Ι,</strong></span> <span class='ocrx_word' id='word_1_220' title='bbox 675 2857 705 2915; x_wconf 90' lang='lat' dir='ltr'><strong>p.</strong></span> <span class='ocrx_word' id='word_1_221' title='bbox 717 2841 782 2896; x_wconf 78' lang='lat'><strong>292:</strong></span> <span class='ocrx_word' id='word_1_222' title='bbox 819 2823 915 2919; x_wconf 77' lang='grc' dir='ltr'><em>ἡμὲν</em></span> <span class='ocrx_word' id='word_1_223' title='bbox 930 2829 1045 2908; x_wconf 80' lang='grc' dir='ltr'>Νῖνος,</span> <span class='ocrx_word' id='word_1_224' title='bbox 1065 2837 1174 2916; x_wconf 90' lang='lat' dir='ltr'><strong>inquit,</strong></span> 
     </span>
     <span class='ocr_line' id='line_1_26' title="bbox 67 2923 1174 3022; baseline 0.003 -26"><span class='ocrx_word' id='word_1_225' title='bbox 67 2925 240 3000; x_wconf 80' lang='grc' dir='ltr'><em>ἀπόλωλεν</em></span> <span class='ocrx_word' id='word_1_226' title='bbox 261 2923 340 3022; x_wconf 75' lang='grc' dir='ltr'><strong>ἤδη,</strong></span> <span class='ocrx_word' id='word_1_227' title='bbox 365 2927 541 3000; x_wconf 68' lang='lat' dir='ltr'><strong>aalaidis</strong></span> <span class='ocrx_word' id='word_1_228' title='bbox 568 2927 658 3015; x_wconf 75' lang='grc' dir='ltr'><em>ἴχνος</em></span> <span class='ocrx_word' id='word_1_229' title='bbox 679 2929 729 2999; x_wconf 71' lang='grc' dir='ltr'><strong>ἔτι</strong></span> <span class='ocrx_word' id='word_1_230' title='bbox 757 2929 877 2998; x_wconf 80' lang='grc' dir='ltr'><strong><em>λοιπὸν</em></strong></span> <span class='ocrx_word' id='word_1_231' title='bbox 899 2925 1000 3020; x_wconf 76' lang='grc' dir='ltr'><strong><em>αὐτῆς</em></strong></span> <span class='ocrx_word' id='word_1_232' title='bbox 1006 2981 1016 3011; x_wconf 87' lang='grc'>,</span> <span class='ocrx_word' id='word_1_233' title='bbox 1045 2925 1116 2999; x_wconf 78' lang='grc' dir='ltr'><strong>οὐδ’</strong></span> <span class='ocrx_word' id='word_1_234' title='bbox 1133 2927 1174 3000; x_wconf 74' lang='lat' dir='ltr'><strong>dv</strong></span> 
     </span>
     <span class='ocr_line' id='line_1_27' title="bbox 66 3025 1173 3123; baseline 0.004 -25"><span class='ocrx_word' id='word_1_235' title='bbox 66 3029 178 3123; x_wconf 76' lang='grc' dir='ltr'>εἴπῃς,</span> <span class='ocrx_word' id='word_1_236' title='bbox 201 3029 290 3104; x_wconf 81' lang='grc' dir='ltr'><em>ὅπου</em></span> <span class='ocrx_word' id='word_1_237' title='bbox 311 3029 384 3100; x_wconf 79' lang='grc' dir='ltr'><strong>ποτ’</strong></span> <span class='ocrx_word' id='word_1_238' title='bbox 397 3025 452 3122; x_wconf 58' lang='lat' dir='ltr'><strong>rim</strong></span> <span class='ocrx_word' id='word_1_239' title='bbox 477 3048 508 3100; x_wconf 88' lang='lat' dir='ltr'><strong>et</strong></span> <span class='ocrx_word' id='word_1_240' title='bbox 527 3039 639 3100; x_wconf 82' lang='lat' dir='ltr'><strong>fatetur</strong></span> <span class='ocrx_word' id='word_1_241' title='bbox 661 3041 851 3102; x_wconf 74' lang='lat' dir='ltr'><strong>doctissimus</strong></span> <span class='ocrx_word' id='word_1_242' title='bbox 872 3039 1063 3100; x_wconf 77' lang='lat' dir='ltr'><strong>Boouaarua</strong></span> <span class='ocrx_word' id='word_1_243' title='bbox 1084 3040 1173 3102; x_wconf 84' lang='lat' dir='ltr'><strong>Phal.</strong></span> 
     </span>
     <span class='ocr_line' id='line_1_28' title="bbox 66 3139 1175 3218; baseline 0.005 -19"><span class='ocrx_word' id='word_1_244' title='bbox 66 3139 114 3215; x_wconf 86' lang='lat' dir='ltr'><strong>IV,</strong></span> <span class='ocrx_word' id='word_1_245' title='bbox 133 3145 170 3200; x_wconf 67' lang='lat'><strong>20</strong></span> <span class='ocrx_word' id='word_1_246' title='bbox 186 3160 216 3217; x_wconf 89' lang='lat' dir='ltr'><strong>p.</strong></span> <span class='ocrx_word' id='word_1_247' title='bbox 230 3145 295 3215; x_wconf 75' lang='lat'><strong>284,</strong></span> <span class='ocrx_word' id='word_1_248' title='bbox 313 3141 423 3200; x_wconf 81' lang='lat' dir='ltr'><strong>intono</strong></span> <span class='ocrx_word' id='word_1_249' title='bbox 436 3141 510 3200; x_wconf 91' lang='lat' dir='ltr'><strong>Nini</strong></span> <span class='ocrx_word' id='word_1_250' title='bbox 523 3141 656 3218; x_wconf 80' lang='lat' dir='ltr'><strong>praecise</strong></span> <span class='ocrx_word' id='word_1_251' title='bbox 669 3142 833 3204; x_wconf 85' lang='lat' dir='ltr'><strong>definiendo</strong></span> <span class='ocrx_word' id='word_1_252' title='bbox 846 3142 960 3202; x_wconf 79' lang='lat' dir='ltr'><strong>frustm</strong></span> <span class='ocrx_word' id='word_1_253' title='bbox 972 3141 1054 3203; x_wconf 86' lang='lat' dir='ltr'><strong>viros</strong></span> <span class='ocrx_word' id='word_1_254' title='bbox 1067 3141 1175 3205; x_wconf 82' lang='lat' dir='ltr'><strong>doctos</strong></span> 
     </span>
     <span class='ocr_line' id='line_1_29' title="bbox 67 3241 1175 3322; baseline 0.004 -22"><span class='ocrx_word' id='word_1_255' title='bbox 67 3259 94 3300; x_wconf 85' lang='lat' dir='ltr'><strong>se</strong></span> <span class='ocrx_word' id='word_1_256' title='bbox 121 3241 261 3319; x_wconf 84' lang='lat' dir='ltr'><strong>fatigare.</strong></span> <span class='ocrx_word' id='word_1_257' title='bbox 299 3244 342 3302; x_wconf 91' lang='lat' dir='ltr'><strong>At</strong></span> <span class='ocrx_word' id='word_1_258' title='bbox 370 3242 497 3308; x_wconf 80' lang='lat' dir='ltr'><strong>oliorum</strong></span> <span class='ocrx_word' id='word_1_259' title='bbox 524 3243 761 3306; x_wconf 86' lang='lat' dir='ltr'><strong>testimoniorum</strong></span> <span class='ocrx_word' id='word_1_260' title='bbox 790 3243 877 3322; x_wconf 84' lang='lat' dir='ltr'><strong>quasi</strong></span> <span class='ocrx_word' id='word_1_261' title='bbox 907 3243 1005 3312; x_wconf 77' lang='lat' dir='ltr'><strong>siiua¹</strong></span> <span class='ocrx_word' id='word_1_262' title='bbox 1034 3253 1175 3322; x_wconf 77' lang='lat' dir='ltr'><strong>surgente</strong></span> 
     </span>
     <span class='ocr_line' id='line_1_30' title="bbox 66 3343 1173 3422; baseline 0.004 -22"><span class='ocrx_word' id='word_1_263' title='bbox 66 3361 140 3401; x_wconf 87' lang='lat' dir='ltr'><strong>nuno</strong></span> <span class='ocrx_word' id='word_1_264' title='bbox 156 3363 173 3403; x_wconf 91' lang='lat' dir='ltr'><strong>e</strong></span> <span class='ocrx_word' id='word_1_265' title='bbox 191 3351 270 3406; x_wconf 89' lang='lat' dir='ltr'><strong>terra</strong></span> <span class='ocrx_word' id='word_1_266' title='bbox 287 3343 368 3404; x_wconf 92' lang='lat' dir='ltr'><strong>Nino</strong></span> <span class='ocrx_word' id='word_1_267' title='bbox 385 3343 503 3422; x_wconf 83' lang='lat' dir='ltr'><strong>egregie</strong></span> <span class='ocrx_word' id='word_1_268' title='bbox 521 3347 693 3407; x_wconf 82' lang='lat' dir='ltr'><strong>confirmata</strong></span> <span class='ocrx_word' id='word_1_269' title='bbox 715 3354 761 3406; x_wconf 89' lang='lat' dir='ltr'><strong>est</strong></span> <span class='ocrx_word' id='word_1_270' title='bbox 784 3353 814 3405; x_wconf 92' lang='lat' dir='ltr'><strong>et</strong></span> <span class='ocrx_word' id='word_1_271' title='bbox 830 3345 1043 3420; x_wconf 77' lang='lat' dir='ltr'><strong>comprobatur</strong></span> <span class='ocrx_word' id='word_1_272' title='bbox 1058 3343 1090 3402; x_wconf 93' lang='lat' dir='ltr'><strong>in</strong></span> <span class='ocrx_word' id='word_1_273' title='bbox 1108 3345 1173 3404; x_wconf 86' lang='lat' dir='ltr'><strong>dies</strong></span> 
     </span>
     <span class='ocr_line' id='line_1_31' title="bbox 66 3442 1173 3524; baseline 0.004 -24"><span class='ocrx_word' id='word_1_274' title='bbox 66 3444 254 3518; x_wconf 75' lang='lat' dir='ltr'><strong>praeclarius.</strong></span> <span class='ocrx_word' id='word_1_275' title='bbox 298 3444 378 3519; x_wconf 84' lang='lat' dir='ltr'><strong>Quid</strong></span> <span class='ocrx_word' id='word_1_276' title='bbox 400 3446 463 3504; x_wconf 81' lang='lat' dir='ltr'><strong>itai</strong></span> <span class='ocrx_word' id='word_1_277' title='bbox 493 3445 543 3504; x_wconf 82' lang='lat' dir='ltr'><strong>iao</strong></span> <span class='ocrx_word' id='word_1_278' title='bbox 567 3445 749 3524; x_wconf 80' lang='lat' dir='ltr'><strong>aliquamdiu</strong></span> <span class='ocrx_word' id='word_1_279' title='bbox 771 3445 905 3521; x_wconf 88' lang='lat' dir='ltr'><strong>ignotum</strong></span> <span class='ocrx_word' id='word_1_280' title='bbox 930 3442 1025 3504; x_wconf 80' lang='lat' dir='ltr'><strong>fuisse</strong></span> <span class='ocrx_word' id='word_1_281' title='bbox 1041 3443 1116 3503; x_wconf 90' lang='lat' dir='ltr'><strong>Nini</strong></span> <span class='ocrx_word' id='word_1_282' title='bbox 1133 3444 1173 3504; x_wconf 87' lang='lat' dir='ltr'><strong>ei·</strong></span> 
     </span>
     <span class='ocr_line' id='line_1_32' title="bbox 67 3543 1173 3623; baseline 0.004 -23"><span class='ocrx_word' id='word_1_283' title='bbox 67 3554 141 3619; x_wconf 87' lang='lat' dir='ltr'><strong>tum,</strong></span> <span class='ocrx_word' id='word_1_284' title='bbox 167 3553 267 3604; x_wconf 91' lang='lat' dir='ltr'><strong>tamen</strong></span> <span class='ocrx_word' id='word_1_285' title='bbox 289 3546 319 3604; x_wconf 92' lang='lat' dir='ltr'><strong>in</strong></span> <span class='ocrx_word' id='word_1_286' title='bbox 334 3546 418 3623; x_wconf 84' lang='lat' dir='ltr'><strong>ipsis</strong></span> <span class='ocrx_word' id='word_1_287' title='bbox 435 3546 535 3608; x_wconf 83' lang='lat' dir='ltr'><strong>verbis</strong></span> <span class='ocrx_word' id='word_1_288' title='bbox 551 3546 664 3608; x_wconf 88' lang='lat' dir='ltr'><strong>nostris</strong></span> <span class='ocrx_word' id='word_1_289' title='bbox 688 3565 749 3606; x_wconf 90' lang='lat' dir='ltr'><strong>non</strong></span> <span class='ocrx_word' id='word_1_290' title='bbox 774 3545 866 3618; x_wconf 90' lang='lat' dir='ltr'><strong>inest,</strong></span> <span class='ocrx_word' id='word_1_291' title='bbox 892 3544 991 3604; x_wconf 88' lang='lat' dir='ltr'><strong>looum</strong></span> <span class='ocrx_word' id='word_1_292' title='bbox 1014 3543 1078 3606; x_wconf 85' lang='lat' dir='ltr'><strong>eius</strong></span> <span class='ocrx_word' id='word_1_293' title='bbox 1102 3565 1173 3605; x_wconf 89' lang='lat' dir='ltr'><strong>nns-</strong></span> 
     </span>
     <span class='ocr_line' id='line_1_33' title="bbox 66 3641 1174 3724; baseline 0.002 -20"><span class='ocrx_word' id='word_1_294' title='bbox 66 3664 151 3722; x_wconf 88' lang='lat' dir='ltr'><strong>quam</strong></span> <span class='ocrx_word' id='word_1_295' title='bbox 177 3646 284 3707; x_wconf 88' lang='lat' dir='ltr'><strong>debere</strong></span> <span class='ocrx_word' id='word_1_296' title='bbox 307 3647 434 3707; x_wconf 89' lang='lat' dir='ltr'><strong>inveniri</strong></span> <span class='ocrx_word' id='word_1_297' title='bbox 456 3665 563 3724; x_wconf 86' lang='lat' dir='ltr'><strong>posse;</strong></span> <span class='ocrx_word' id='word_1_298' title='bbox 588 3667 656 3707; x_wconf 87' lang='lat' dir='ltr'><strong>nam</strong></span> <span class='ocrx_word' id='word_1_299' title='bbox 675 3641 737 3709; x_wconf 65' lang='lat' dir='ltr'><strong>nb:</strong></span> <span class='ocrx_word' id='word_1_300' title='bbox 760 3658 806 3707; x_wconf 84' lang='lat' dir='ltr'><strong>est</strong></span> <span class='ocrx_word' id='word_1_301' title='bbox 827 3643 1012 3717; x_wconf 83' lang='lat' dir='ltr'><strong>absolutum,</strong></span> <span class='ocrx_word' id='word_1_302' title='bbox 1036 3664 1174 3706; x_wconf 86' lang='lat' dir='ltr'><strong>eonsum-</strong></span> 
     </span>
     <span class='ocr_line' id='line_1_34' title="bbox 66 3746 1172 3821; baseline 0.002 -15"><span class='ocrx_word' id='word_1_303' title='bbox 66 3757 191 3821; x_wconf 90' lang='lat' dir='ltr'><strong>matnm,</strong></span> <span class='ocrx_word' id='word_1_304' title='bbox 215 3757 244 3808; x_wconf 90' lang='lat' dir='ltr'><strong>et</strong></span> <span class='ocrx_word' id='word_1_305' title='bbox 265 3748 363 3808; x_wconf 90' lang='lat' dir='ltr'><strong>looum</strong></span> <span class='ocrx_word' id='word_1_306' title='bbox 388 3748 513 3811; x_wconf 87' lang='lat' dir='ltr'><strong>alieuius</strong></span> <span class='ocrx_word' id='word_1_307' title='bbox 534 3749 704 3810; x_wconf 85' lang='lat' dir='ltr'><strong>absolutum</strong></span> <span class='ocrx_word' id='word_1_308' title='bbox 728 3747 850 3809; x_wconf 87' lang='lat' dir='ltr'><strong>reddere</strong></span> <span class='ocrx_word' id='word_1_309' title='bbox 873 3764 953 3806; x_wconf 87' lang='lat' dir='ltr'><strong>mere</strong></span> <span class='ocrx_word' id='word_1_310' title='bbox 971 3752 1031 3806; x_wconf 85' lang='lat' dir='ltr'><strong>est:</strong></span> <span class='ocrx_word' id='word_1_311' title='bbox 1062 3746 1172 3820; x_wconf 78' lang='lat' dir='ltr'><strong>faeere,</strong></span> 
     </span>
     <span class='ocr_line' id='line_1_35' title="bbox 66 3847 1172 3926; baseline 0.002 -20"><span class='ocrx_word' id='word_1_312' title='bbox 66 3857 94 3906; x_wconf 90' lang='lat' dir='ltr'><strong>ut</strong></span> <span class='ocrx_word' id='word_1_313' title='bbox 120 3850 181 3910; x_wconf 86' lang='lat' dir='ltr'><strong>iste</strong></span> <span class='ocrx_word' id='word_1_314' title='bbox 203 3848 287 3910; x_wconf 81' lang='lat' dir='ltr'><strong>loeus</strong></span> <span class='ocrx_word' id='word_1_315' title='bbox 311 3850 372 3910; x_wconf 88' lang='lat' dir='ltr'><strong>iam</strong></span> <span class='ocrx_word' id='word_1_316' title='bbox 395 3870 456 3911; x_wconf 93' lang='lat' dir='ltr'><strong>non</strong></span> <span class='ocrx_word' id='word_1_317' title='bbox 479 3857 576 3910; x_wconf 79' lang='lat' dir='ltr'><strong>certae</strong></span> <span class='ocrx_word' id='word_1_318' title='bbox 598 3849 679 3910; x_wconf 85' lang='lat' dir='ltr'><strong>illine</strong></span> <span class='ocrx_word' id='word_1_319' title='bbox 708 3851 808 3924; x_wconf 90' lang='lat' dir='ltr'><strong>urbis,</strong></span> <span class='ocrx_word' id='word_1_320' title='bbox 836 3866 875 3908; x_wconf 92' lang='lat' dir='ltr'><strong>eo</strong></span> <span class='ocrx_word' id='word_1_321' title='bbox 903 3865 999 3926; x_wconf 88' lang='lat' dir='ltr'><strong>usque</strong></span> <span class='ocrx_word' id='word_1_322' title='bbox 1029 3847 1172 3920; x_wconf 82' lang='lat' dir='ltr'><strong>extantia,</strong></span> 
     </span>
     <span class='ocr_line' id='line_1_36' title="bbox 66 3947 213 4012; baseline 0.041 -6"><span class='ocrx_word' id='word_1_323' title='bbox 66 3947 144 4011; x_wconf 82' lang='lat' dir='ltr'><strong>lotus</strong></span> <span class='ocrx_word' id='word_1_324' title='bbox 163 3950 213 4012; x_wconf 88' lang='lat' dir='ltr'><strong>sit.</strong></span> 
     </span>
    </p>

    <p class='ocr_par' dir='ltr' id='par_1_4' title="bbox 111 4051 1172 4132">
     <span class='ocr_line' id='line_1_37' title="bbox 111 4051 1172 4132; baseline -0.004 -20"><span class='ocrx_word' id='word_1_325' title='bbox 111 4051 193 4126; x_wconf 83' lang='lat' dir='ltr'><strong>Quid</strong></span> <span class='ocrx_word' id='word_1_326' title='bbox 209 4061 325 4126; x_wconf 87' lang='lat' dir='ltr'><strong>autem,</strong></span> <span class='ocrx_word' id='word_1_327' title='bbox 349 4073 416 4114; x_wconf 90' lang='lat' dir='ltr'><strong>oum</strong></span> <span class='ocrx_word' id='word_1_328' title='bbox 433 4060 585 4112; x_wconf 85' lang='lat' dir='ltr'><strong>evertatur</strong></span> <span class='ocrx_word' id='word_1_329' title='bbox 602 4054 690 4127; x_wconf 90' lang='lat' dir='ltr'><strong>urbs,</strong></span> <span class='ocrx_word' id='word_1_330' title='bbox 716 4054 867 4132; x_wconf 85' lang='lat' dir='ltr'><strong>patientur</strong></span> <span class='ocrx_word' id='word_1_331' title='bbox 883 4052 1019 4112; x_wconf 76' lang='lat' dir='ltr'><strong>incolae?</strong></span> <span class='ocrx_word' id='word_1_332' title='bbox 1045 4053 1172 4110; x_wconf 77' lang='lat' dir='ltr'><strong>inimicos</strong></span> 
     </span>
    </p>
   </div>
   <div class='ocr_carea' id='block_1_3' title="bbox 67 4269 1171 4446">
    <p class='ocr_par' dir='ltr' id='par_1_5' title="bbox 67 4269 1171 4446">
     <span class='ocr_line' id='line_1_38' title="bbox 113 4269 1171 4362; baseline 0 -18"><span class='ocrx_word' id='word_1_333' title='bbox 113 4295 137 4357; x_wconf 88' lang='lat'><strong>1)</strong></span> <span class='ocrx_word' id='word_1_334' title='bbox 147 4269 269 4359; x_wconf 47' lang='lat' dir='ltr'><strong>&#39;Collegit</strong></span> <span class='ocrx_word' id='word_1_335' title='bbox 286 4302 312 4346; x_wconf 88' lang='lat' dir='ltr'><strong>et</strong></span> <span class='ocrx_word' id='word_1_336' title='bbox 329 4297 448 4361; x_wconf 82' lang='lat' dir='ltr'><strong>exposuit</strong></span> <span class='ocrx_word' id='word_1_337' title='bbox 465 4297 592 4361; x_wconf 86' lang='lat' dir='ltr'><strong>permulta</strong></span> <span class='ocrx_word' id='word_1_338' title='bbox 604 4297 714 4348; x_wconf 75' lang='lat' dir='ltr'><strong>Turnus</strong></span> <span class='ocrx_word' id='word_1_339' title='bbox 727 4297 744 4346; x_wconf 92' lang='grc' dir='ltr'><strong>Ι.</strong></span> <span class='ocrx_word' id='word_1_340' title='bbox 756 4299 788 4358; x_wconf 84' lang='grc'><strong>1.,</strong></span> <span class='ocrx_word' id='word_1_341' title='bbox 806 4297 876 4347; x_wconf 88' lang='lat' dir='ltr'><strong>brevi</strong></span> <span class='ocrx_word' id='word_1_342' title='bbox 890 4304 1026 4360; x_wconf 84' lang='lat' dir='ltr'><strong>conspeetu</strong></span> <span class='ocrx_word' id='word_1_343' title='bbox 1038 4298 1171 4362; x_wconf 86' lang='lat' dir='ltr'><strong>proposuit</strong></span> 
     </span>
     <span class='ocr_line' id='line_1_39' title="bbox 67 4376 449 4446; baseline 0.005 -18"><span class='ocrx_word' id='word_1_344' title='bbox 67 4376 248 4432; x_wconf 77' lang='lat' dir='ltr'><strong>wurrrraorr</strong></span> <span class='ocrx_word' id='word_1_345' title='bbox 266 4382 284 4430; x_wconf 87' lang='lat'><strong>1.</strong></span> <span class='ocrx_word' id='word_1_346' title='bbox 296 4382 313 4431; x_wconf 88' lang='lat' dir='ltr'><strong>l.</strong></span> <span class='ocrx_word' id='word_1_347' title='bbox 333 4397 356 4446; x_wconf 86' lang='lat' dir='ltr'><strong>p.</strong></span> <span class='ocrx_word' id='word_1_348' title='bbox 370 4383 402 4432; x_wconf 84' lang='grc'><strong>16</strong></span> <span class='ocrx_word' id='word_1_349' title='bbox 416 4397 449 4432; x_wconf 80' lang='lat' dir='ltr'><strong>se.</strong></span> 
     </span>
    </p>
   </div>
   <div class='ocr_carea' id='block_1_4' title="bbox 0 0 1466 5098">
    <p class='ocr_par' dir='ltr' id='par_1_6' title="bbox 0 0 1466 5098">
     <span class='ocr_line' id='line_1_40' title="bbox 0 0 1466 5098; baseline 0 0"><span class='ocrx_word' id='word_1_350' title='bbox 0 0 1466 5098; x_wconf 95' lang='lat' dir='ltr'><strong> </strong></span> 
     </span>
    </p>
   </div>
  </div>
 </body>
</html>
