2966 5090
256 351 311 394 xlv
613 330 858 389 Protscourur.
886 326 960 390 Gar.
980 326 1003 386 1.

224 581 226 586 ,
257 518 333 579 sar-is
350 514 540 593 expeditione
556 523 743 591 praeteracta
758 521 828 573 ante
838 511 994 574 Sanberibi
1011 511 1140 585 cladem,
1159 512 1185 572 si
1198 529 1258 578 non
1270 521 1367 572 totum

257 618 426 691 oraculum,
452 617 580 694 primum
598 624 695 675 tamen
713 623 804 692 caput
820 614 930 674 editum
949 633 1015 674 esse
1031 613 1255 686 existimarunt,
1279 614 1367 674 Hun-

256 735 343 792 urus,
357 719 535 790 Maacnrus,
547 717 701 789 Dausrns,
714 715 786 777 San.
799 733 862 775 von
870 716 947 788 Tru,
961 714 1144 773 chnuuoou
1152 714 1367 792 (Cbrouicou);

257 820 309 879 alii
328 839 415 878 omne
432 819 602 878 vaticinium
620 837 655 876 eo
680 818 859 889 retulerunt,
878 835 943 894 ,quo
967 815 1012 874 illi
1035 834 1060 873 c.
1078 816 1110 873 II
1127 824 1156 874 et
1172 815 1234 888 ΙΙΙ,
1260 835 1369 892 nempe
1480 899 1481 902 Ἴ

256 921 296 981 ad
318 939 370 980 eos
394 938 507 992 annos,
538 919 590 995 qui
615 917 772 978 Sauberibi
801 919 914 978 cladem
941 925 971 976 et
995 924 1144 994 receptum
1174 927 1366 992 exceperunt,

256 1023 414 1082 Vrrmnca
431 1020 508 1097 (typ.
522 1020 615 1078 doctr.
630 1021 762 1099 propa),
778 1018 923 1091 Cannar,
936 1017 1147 1090 Canrzovrus,
1161 1004 1366 1090 Bnarnouor,

257 1139 300 1180 oa
318 1123 486 1193 Wnrrrns,
504 1119 697 1193 Garunnae,
715 1121 914 1192 Kuoanurns,
932 1118 1143 1192 Uuaasmrns,
1167 1119 1367 1191 Kouaraaus,

257 1223 526 1281 Huuvuuurcrrus.
545 1221 696 1280 —Porro
714 1220 955 1280 luculentissimis
973 1219 1154 1296 argumentis
1171 1219 1367 1278 Manassis

258 1331 386 1383 aetatem
404 1322 544 1395 indicari,
564 1323 659 1398 probe
675 1332 709 1380 ut
725 1322 813 1382 nobis
831 1322 948 1401 quidem
966 1339 1140 1397 persuasum
1155 1328 1214 1393 eat,
1232 1319 1368 1397 plerique

259 1423 470 1482 intellexerunt
485 1424 713 1482 Iudaeorum
731 1423 882 1501 magistri,
901 1420 993 1482 secuti
1006 1422 1180 1481 sententiam
1194 1421 1226 1478 in
1240 1421 1260 1479 l.
1274 1419 1367 1480 Seder

262 1523 351 1584 Olam
366 1541 540 1601 expressam
554 1525 598 1600 (p.
612 1528 655 1583 55.
672 1529 720 1584 105
734 1525 780 1583 ed.
793 1525 931 1603 Marna),
945 1544 973 1582 v.
988 1542 1012 1582 e.
1027 1523 1366 1595 Iaaon1,rlaaaaanau,

260 1623 350 1685 Gauz
367 1625 510 1701 (Zemoch
526 1624 628 1683 David
646 1627 692 1684 ed.
711 1625 900 1703 Voasrrus);
925 1641 1051 1701 quorum
1074 1623 1210 1699 partibus
1234 1641 1367 1682 accesse-

259 1733 329 1784 runt
357 1725 394 1784 L.
420 1724 598 1798 Ceraunus,
630 1726 811 1799 Varamos,
841 1725 986 1798 isaurus,
1019 1723 1194 1796 Garumna,
1225 1742 1280 1782 nec
1306 1743 1368 1783 uon

259 1826 471 1899 Romamne,
490 1826 542 1904 qui
553 1826 680 1886 definitis
693 1827 792 1886 verbis
805 1826 983 1884 declaravit:
997 1825 1139 1901 „quando
1152 1825 1255 1883 iamin
1273 1825 1367 1901 capti-

260 1927 384 1986 vitatem
402 1926 547 1986 abductus
570 1928 628 1984 fuit
644 1927 832 1988 Manasses.“
849 1961 886 1970 -
903 1927 967 1985 Iam
990 1934 1023 1985 ut
1045 1925 1230 1984 continuetur
1252 1934 1368 1985 senten·

260 2028 370 2086 tiaram
393 2035 586 2103 conspectus,
616 2028 741 2104 propius
771 2028 808 2087 ad
838 2037 974 2086 eventum
999 2027 1131 2086 vaticinii
1156 2027 1369 2086 descenderunt

258 2129 417 2187 Evanons
442 2127 671 2201 ctH1rzrc1US,
698 2147 765 2187 cum
788 2129 839 2187 ille
855 2129 1012 2188 Pbraortis
1034 2145 1224 2205 aggressum,
1249 2128 1297 2186 bic
1314 2148 1367 2206 op-

258 2228 471 2306 pugnationem
485 2228 559 2286 Nini
576 2229 706 2305 priorem
724 2250 743 2288 a
761 2229 901 2307 Cyaxare
917 2230 1083 2289 institutam
1101 2237 1244 2305 tauquam
1262 2249 1366 2290 ansam

259 2329 393 2388 vaticinii
411 2329 630 2405 suspiciendam
643 2375 645 2380 ,
660 2349 727 2390 esse
750 2331 930 2408 opinaretur.
970 2327 1140 2408 Sequuntur
1163 2330 1369 2390 Transeamus

260 2438 291 2489 et
306 2427 429 2503 Iunone,
447 2431 499 2508 qui
510 2431 525 2490 I
533 2432 637 2490 osiae
650 2439 776 2494 nentem
791 2432 850 2491 sibi
862 2431 1047 2508 delegerunt3
1061 2431 1179 2509 longius
1193 2431 1282 2490 etiam
1294 2433 1369 2492 abiit

259 2530 423 2604 Conamen,
442 2531 489 2590 cui
506 2531 695 2592 loiakimo
712 2552 782 2611 rege
799 2532 970 2593 vaticinium
985 2533 1140 2592 videbatur
1153 2534 1353 2611 couscriptum
1359 2555 1368 2606 3

258 2641 288 2690 et
301 2631 498 2692 Ouaurnrsu
510 2637 775 2709 Auaxuunnrnuur,
794 2635 845 2713 qui
863 2654 897 2693 eo
916 2635 1044 2694 excessit
1061 2643 1094 2692 ut
1110 2631 1253 2714 (Στρωμ.
1267 2641 1292 2708 1,
1303 2637 1369 2714 391)

259 2733 448 2793 Zedelriae
465 2743 670 2810 tempestatem
688 2736 816 2807 doceret,
835 2735 988 2810 superavit
1003 2735 1093 2794 etiam
1106 2735 1301 2808 Bocnarrnua
1321 2738 1368 2796 cni

261 2834 309 2891 vel
332 2835 490 2907 immensa,
516 2853 607 2912 quam
630 2843 872 2910 comparaverat,
896 2835 1031 2894 doctrina
1054 2832 1114 2896 non
1136 2836 1262 2914 proluit,
1290 2825 1365 2912 quin

261 2933 399 3010 (Phaleg.
423 2953 452 3009 p.
467 2936 497 3011 6)
521 2935 676 2994 Ieremiam
701 2943 731 2993 et
752 2935 937 2994 Ezechielem
959 2937 1043 3013 prius
1065 2939 1252 3014 praedicasse
1276 2955 1366 3015 quam

261 3033 433 3092 Nahumum
450 3034 639 3110 opinaretur,
658 3043 688 3094 et
704 3055 781 3113 quae
797 3037 842 3094 illi
860 3037 896 3096 de
909 3039 1068 3116 Aegyptiis
1082 3039 1314 3112 nunfiavissent,
1333 3058 1370 3097 ea

262 3154 282 3192 a
297 3132 438 3192 Nahumo
456 3153 522 3194 esse
539 3137 713 3195 confirmata
730 3137 798 3213 (cfr.
817 3139 857 3196 ad
874 3138 935 3212 Ill,
953 3119 969 3198 8
987 3159 1026 3202 ss.
1046 3142 1202 3219 pag.101).

312 3235 349 3293 In
372 3243 455 3294 tanto
479 3244 598 3314 tamque
621 3238 764 3315 singulari
787 3259 836 3299 vv.
855 3240 904 3300 dd.
929 3241 1080 3315 dissensu,
1105 3242 1216 3320 quippe
1240 3260 1368 3318 quorum

263 3337 419 3414 opiniones
436 3337 505 3413 plus
523 3339 660 3400 trecentis
677 3339 815 3400 differant
831 3342 934 3416 annis,
953 3343 1058 3400 mirum
1072 3343 1124 3402 vix
1139 3343 1249 3419 poterit
1263 3342 1367 3415 videri,

263 3438 344 3515 quod
361 3439 579 3499 E1cnuoarv1ns
592 3441 633 3498 ‘de
651 3448 748 3501 aetate
765 3443 843 3502 vatis
861 3443 1031 3520 diligentius
1049 3444 1214 3503 definienda
1228 3444 1367 3520 despera·

264 3540 321 3610 vit;
345 3538 418 3596 nibil
444 3540 521 3599 enim
544 3561 599 3619 pro
624 3551 704 3602 certo
722 3545 871 3602 affirmare
888 3563 978 3605 ausus
996 3552 1057 3618 est,
1081 3563 1170 3623 quam
1194 3545 1274 3624 quod
1297 3552 1368 3620 post

261 3639 390 3698 Iesaiam
414 3640 539 3715 vixerit;
569 3643 684 3721 reliqua
710 3646 811 3703 omnia
832 3645 999 3704 arbitrariis
1022 3645 1213 3722 opinionibus
1235 3655 1265 3705 et
1287 3663 1367 3704 com·

263 3741 370 3799 mentis
387 3739 581 3802 adscribenda
598 3764 672 3804 esse.
699 3745 766 3806 Nos
788 3765 858 3805 vero
882 3745 1074 3823 interpretum
1098 3746 1297 3824 discrepantia
1314 3747 1367 3804 illa

263 3859 324 3899 non
341 3842 548 3918 prohibemur,
572 3845 644 3922 quin
661 3846 851 3905 nihilomiuus
867 3866 922 3922 pro
941 3856 1021 3906 certo
1038 3848 1182 3906 affirmari
1199 3857 1228 3908 et
1245 3848 1366 3906 demon-

263 3941 352 4001 strari
368 3961 469 4019 posse,
487 3964 547 4022 quo
564 3957 698 4023 tempore
714 3946 891 4006 vaticinatus
903 3947 1002 4020 luerit,
1021 3949 1233 4008 existimemus.
1257 3947 1366 4025 Neque

263 4061 334 4101 vero
353 4042 449 4103 oleum
465 4055 494 4104 et
511 4066 632 4124 operam
650 4066 685 4106 eo
702 4047 877 4125 perdemus,
904 4049 983 4124 quod
1008 4049 1141 4125 singulas
1164 4050 1303 4124 deinceps
1320 4047 1365 4106 in·

263 4153 423 4220 terpretum
447 4149 608 4208 sententias
631 4159 661 4207 et
681 4157 856 4225 argumenta
879 4149 1095 4224 examinemus,
1121 4171 1156 4210 ea
1180 4149 1364 4228 praesertim,

263 4263 341 4320 quae
358 4247 395 4304 ab
413 4247 657 4324 interpretatione
674 4245 734 4308 ¹non
750 4257 844 4322 recte,
863 4257 896 4307 nt
912 4251 999 4310 nobis
1017 4251 1146 4326 videtur,
1165 4251 1302 4311 instituta
1319 4270 1365 4310 re·

263 4348 390 4421 petenda
407 4348 480 4419 sint3
500 4350 566 4422 sed,
586 4369 663 4427 quae
680 4349 718 4408 ad
735 4349 951 4428 indigitandam
969 4351 1045 4414 vatis
1063 4362 1190 4414 aetatem
1208 4352 1366 4412 videantur
