2966 5090
275 409 327 451 mv
637 387 881 452 Protheonem.
906 385 979 444 Gar.
998 385 1036 442 11.

283 574 437 648 utriusque
454 570 583 628 maxime
599 571 738 646 deinceps
753 570 912 643 intererat,
931 578 963 627 ut
980 567 1183 626 Palaestinam
1202 568 1252 626 vel
1268 567 1387 626 foedere

284 674 340 736 sibi
364 671 537 731 adstrictam
563 672 611 728 vel
639 671 800 731 subiectam
824 672 947 729 haberet
970 669 1104 746 imperio.
1139 668 1285 742 Accedit,
1313 668 1388 746 quod

284 782 410 850 utraque
443 789 515 848 gens
548 770 679 831 universi
714 769 933 847 quodammodo
968 768 1083 847 generis
1123 769 1247 827 hnmani
1293 769 1390 846 inse

285 875 408 952 gerebat
423 872 597 948 imaginem,
616 869 747 930 Senritici
772 872 887 946 generis
913 880 942 930 et
962 869 1130 946 Iaphetitici
1154 870 1245 928 simul
1272 879 1303 928 et
1331 868 1390 925 Ha-

285 973 394 1045 mitici,
420 971 562 1048 Aegyptii
593 979 690 1030 autem
727 971 766 1030 ad
780 981 784 989 “
799 970 980 1030 Hamitieam
1014 968 1202 1046 potissimum
1237 969 1392 1037 familiam,

286 1072 406 1150 Assyrii
435 1071 474 1129 ad
507 1068 677 1130 Semitieam
710 1071 899 1147 pertinebant
907 1071 926 1130 ¹.
980 1071 1024 1128 Et
1065 1089 1133 1127 cum
1170 1070 1392 1148 Aegyptiacum

289 1189 412 1249 regnum
429 1169 557 1247 primum
575 1181 668 1243 esset,
688 1171 770 1229 cuius
788 1171 918 1248 expositi
936 1170 1060 1230 arbitrio
1077 1171 1234 1230 Israelitae
1248 1168 1394 1230 secularis

287 1271 406 1329 omnino
430 1271 589 1347 potestatis
611 1271 840 1347 experiebantur
862 1279 1015 1343 naturam,
1038 1270 1163 1328 alterum
1186 1281 1290 1330 autem
1308 1271 1395 1346 idque

287 1370 497 1449 gravissimum
516 1372 689 1447 Assyrium,
713 1371 855 1448 quoniam
880 1371 1064 1450 sequentium
1087 1371 1148 1430 iere
1166 1351 1301 1438 omnium
1320 1368 1395 1428 radi-

288 1489 337 1530 ces
354 1471 622 1547 comprehendebat
639 1480 669 1531 et
686 1471 831 1549 origines:
855 1473 929 1533 satis
946 1471 1046 1548 ampla
1068 1471 1133 1530 luce
1149 1472 1289 1532 videmus
1308 1469 1395 1529 collu-

289 1570 395 1644 strari,
420 1573 501 1650 quod
526 1574 689 1650 prophetae
712 1573 868 1652 utriusque
888 1573 1018 1651 imagine
1034 1572 1114 1631 haud
1131 1591 1199 1630 raro
1218 1581 1346 1631 utuntur
1362 1568 1397 1628 ad

290 1668 513 1750 exprimendam
539 1675 644 1735 mundi
666 1674 793 1751 speciem
810 1673 878 1734 Deo
896 1674 984 1734 simul
1006 1681 1036 1732 et
1058 1673 1171 1732 civitati
1188 1673 1251 1733 eius
1270 1668 1397 1738 inimici3

291 1791 394 1833 eorum
410 1774 604 1833 irritamentis
621 1793 707 1834 sacra
724 1793 797 1850 gens
816 1772 985 1834 seducitur²
1001 1773 1143 1849 primum,
1169 1773 1236 1832 dein
1261 1769 1398 1850 potentia

291 1881 320 1932 et
336 1873 407 1948 iugo
425 1882 572 1931 vexantur
588 1882 679 1950 atque
692 1871 934 1948 opprimuntur⁸3
951 1891 1059 1948 porro,
1078 1874 1128 1931 ubi
1142 1875 1198 1933 hac
1210 1893 1311 1950 poena
1327 1867 1399 1931 satis

290 1978 437 2046 apparent
454 1970 601 2044 castigati,
620 1973 658 2030 ab
676 1971 800 2028 arbitrio
819 1991 920 2030 eorum
938 1972 1154 2044 redimuntur⁴3
1172 1983 1329 2050 postremo
1343 1967 1399 2046 ipsi

289 2070 391 2127 hostes
408 2067 453 2124 illi
472 2085 530 2125 una
548 2087 613 2126 cum
625 2069 663 2128 iis
677 2069 716 2127 ad
728 2087 830 2127 veram
842 2071 965 2128 Domini
978 2070 1150 2146 religionem
1161 2080 1376 2132 convertentur
1382 2067 1399 2125 ⁵·

291 2199 327 2210 -
345 2169 388 2225 At
405 2185 476 2224 vero
495 2168 568 2226 satis
586 2168 675 2226 etiam
692 2167 846 2245 utriusque
862 2169 968 2244 populi
984 2169 1061 2226 ratio
1079 2178 1124 2228 est
1141 2171 1269 2231 diversa.
1305 2167 1400 2232 Sicuti

292 2266 370 2326 enim
386 2267 476 2343 longe
493 2265 618 2343 diversis
634 2266 821 2343 temporibus
838 2267 925 2326 alteri
938 2268 1018 2343 genti
1032 2267 1185 2326 Israelitae
1198 2271 1320 2328 fuerant
1333 2270 1401 2331 sub·

291 2366 375 2439 lecti,
393 2366 437 2425 ita
454 2368 492 2425 ab
507 2367 665 2446 Aegyptiis
682 2367 838 2428 illecebras
855 2366 1042 2445 potissimum
1059 2376 1088 2426 et
1102 2368 1286 2426 irritamenta
1300 2387 1401 2426 rerum

291 2469 488 2526 humanarum
506 2467 644 2545 deinceps
662 2467 908 2546 experiebantur,
927 2487 993 2539 cum
1011 2487 1064 2546 per
1080 2469 1223 2545 Assyrios
1242 2469 1401 2527 edoceren-

294 2576 352 2642 tur,
365 2587 441 2642 eum,
456 2569 508 2648 qui
520 2569 650 2648 peccatis
663 2569 754 2630 seculi
766 2552 943 2648 indulgeret,
961 2569 1056 2644 ipsius
1070 2569 1160 2628 seculi
1171 2577 1323 2645 potestate
1337 2587 1400 2646 per·

293 2669 468 2747 celli'atque
485 2671 636 2731 contundi.
661 2668 713 2730 Sic
729 2691 749 2729 a
764 2671 869 2746 primis
886 2671 991 2746 populi
1004 2669 1095 2729 initiis
1108 2669 1147 2726 ad
1161 2677 1295 2729 extrema
1308 2685 1400 2746 usque

293 2769 574 2846 Hierosolymorum
590 2772 653 2830 fata
670 2771 889 2846 Aegyptiorum
907 2788 1025 2844 semper
1040 2769 1186 2829 illecebris
1203 2776 1233 2828 et
1249 2776 1398 2846 corrupte·

293 2867 332 2927 lis
349 2869 475 2926 obnoxii
493 2877 589 2929 erant:
614 2869 646 2925 in
664 2869 805 2942 Aegypto
832 2867 878 2924 vel
896 2869 1086 2927 Abrahamus
1112 2870 1151 2928 ad
1175 2879 1299 2946 peccata
1317 2868 1398 2930 sedu·
1461 2905 1462 2934 ,

294 3057 394 3106 nastiae
411 3059 497 3101 aetate
513 3060 567 3102 tam
585 3053 758 3114 consimilibus
775 3067 864 3117 regum
881 3055 1028 3106 nominibus
1046 3069 1123 3119 qaam
1141 3061 1235 3109 artium
1252 3059 1341 3110 indole
1359 3055 1398 3106 all·
1461 3049 1462 3052 '

294 3135 494 3202 deprehenditur
515 3137 542 3184 in
564 3135 696 3195 utriusque
713 3138 802 3201 populi
820 3141 999 3190 monumentis.
1022 3141 1067 3191 cfr.
1085 3141 1170 3192 Lnrsn
1182 3143 1339 3209 chronolog.
1357 3140 1399 3190 der

295 3223 363 3283 Aeg.
381 3235 406 3284 p.
419 3218 478 3268 213.
501 3219 563 3268 Lar.
581 3218 694 3269 Niniveh
712 3235 736 3286 p.
747 3223 902 3274 aar-302.
921 3225 979 3274 304.
998 3225 1057 3276 394.

348 3303 374 3366 l)
390 3304 519 3367 Aegyptii·
530 3303 558 3352 in
575 3303 664 3354 tabula
681 3305 844 3370 ethnologies
868 3307 934 3360 Gen.
952 3309 979 3358 X
1002 3309 1034 3358 ab
1052 3310 1182 3359 Hamitiea
1204 3309 1304 3360 familia
1330 3319 1397 3372 repe·

264 3381 267 3390 '
296 3395 396 3450 tuntur3
413 3389 491 3435 trium
509 3393 595 3439 autem
611 3392 853 3455 naturarumsigna
871 3393 933 3441 satis
951 3392 1079 3442 luculenta
1096 3395 1123 3442 in
1140 3393 1233 3444 crariis
1254 3399 1281 3442 et
1297 3393 1397 3459 physio·

296 3474 380 3534 logico
398 3471 502 3520 omnino
520 3485 609 3522 eorum
626 3472 716 3523 habita
733 3476 929 3539 conspiciuntur,
947 3476 993 3525 cfr:
1008 3475 1396 3546 MonroncranlaAegyptiaea,

295 3550 560 3618 Philadelphialser,
577 3573 602 3620 p.
613 3555 706 3632 tuoe.
728 3558 831 3610 Pnuunn
846 3560 891 3622 ,die
910 3559 1102 3612 Ueberbleibsel
1119 3561 1166 3612 der
1182 3555 1396 3627 altasgyptischen

294 3639 365 3701 Rape
382 3653 408 3703 p.
420 3637 460 3687 14.
481 3640 526 3704 l'l;
543 3642 570 3690 in
587 3641 754 3704 Assyriorum
772 3651 857 3694 autem
875 3652 968 3695 natura
986 3643 1107 3697 Semitico
1125 3648 1214 3710 generi
1229 3646 1397 3697 Cuschiticum

296 3722 393 3784 aliquid
410 3729 487 3784 atque
504 3727 631 3776 Arianum
650 3727 725 3776 simul
743 3720 903 3779 commistum
921 3731 1013 3794 fuisse,
1040 3733 1122 3795 magis
1139 3731 1222 3786 indies
1240 3733 1395 3796 perspicitur.

296 3808 341 3859 cfr.
359 3825 384 3872 p.
396 3808 511 3858 XXXV.
528 3809 592 3858 XLI
609 3810 652 3859 all.
1019 3812 1021 3816 '

348 3892 374 3953 2)
392 3891 446 3941 cn.
462 3891 528 3940 Hos.
545 3892 614 3954 XII,
630 3896 646 3943 2
664 3895 707 3944 all.
1118 3949 1120 3952 ,

347 3976 374 4037 3)
392 3975 444 4024 err.
462 3972 512 4022 1es.
531 3973 596 4038 vn,
616 3978 656 4026 ra.
675 3978 740 4040 nn,
758 3981 784 4028 4.
802 4022 804 4028 ,

348 4059 376 4120 4)
393 4056 448 4108 Gir.
465 4057 553 4113 Hosea
570 4059 636 4122 VII,
655 4061 695 4111 11.
719 4061 773 4122 XI,
791 4063 816 4112 5.
836 4066 876 4112 11.

348 4127 374 4204 5')
391 4140 445 4192 cfr.
463 4139 539 4191 Saeh.
557 4143 597 4204 X,
616 4145 655 4194 10.
677 4144 794 4194 Indidem
812 4145 979 4210 repetendum
997 4155 1050 4210 est,
1069 4149 1143 4214 quod
1160 4149 1230 4202 head
1247 4165 1306 4202 raro
1326 4152 1396 4202 ambo

297 4227 366 4274 inter
383 4239 410 4274 se
427 4226 628 4290 contenduntur,
650 4235 727 4293 atque
749 4229 854 4279 alterius
876 4229 931 4280 fata
956 4236 1033 4296 atque
1055 4234 1160 4284 exitium
1185 4237 1260 4286 alteri
1278 4242 1396 4300 tanquam
1458 4255 1459 4284 l

297 4309 442 4374 exemplum
464 4318 658 4376 proponuntur,
682 4313 726 4363 cfr.
750 4311 863 4363 Nahumi
891 4316 1037 4382 pericopam
1060 4318 1092 4368 de
1115 4318 1272 4370 Thebarum·
1293 4319 1395 4375 excidio

276 4393 352 4476 ΙΙΙΙ,
371 4395 385 4446 8
405 4411 453 4459 ss.,
471 4395 563 4448 Erech.
581 4395 823 4476 xmlxxxn,
842 4400 874 4450 22
893 4413 927 4449 ss.
