2966 5090
423 270 448 346 p.
467 273 492 327 5.
518 269 569 328 Du
586 285 684 328 nunus
699 269 910 328 Assumonuu.
1147 291 1223 334 mnu

107 455 257 536 bylouios
275 451 449 548 imperavit,
464 454 641 531 adquorum
655 454 869 514 contumaciam
882 455 1125 530 compescendam
1137 476 1221 536 regu·

107 559 162 617 lus
183 576 202 615 a
218 562 305 632 patre
322 553 499 613 constitutus
511 561 593 626 erat,
612 553 714 612 audita
725 555 821 630 patris
835 555 940 628 caede,
959 555 1113 616 confestim
1125 560 1221 633 parri·

108 659 200 716 oidas
217 661 391 731 persecutus
408 653 438 712 iu
456 653 600 712 montium
614 654 859 714 Armeniacorum
871 656 1025 733 angustias
1041 659 1219 735 compulit¹;

108 768 181 818 tum
198 774 285 828 vero,
304 774 403 813 rerum
416 754 610 832 Assyriorum
622 755 751 832 potitus,
768 757 800 816 id
812 757 1000 833 potissimum
1013 759 1218 843 meditabatur,

107 868 151 918 ut
173 875 296 934 regnum
318 856 350 913 iu
372 855 531 931 pristinum
555 856 705 932 potentiae
729 857 900 935 gloriaeque
916 865 1026 918 statum
1042 860 1218 920 restitueret.

108 959 248 1018 Etcum
272 957 415 1016 orientem
439 975 542 1016 versus
564 956 719 1016 Medorum
743 957 911 1035 respublica
932 977 993 1018 non
1020 959 1128 1020 idonea
1154 980 1219 1020 esse

109 1059 282 1130 videretur,
311 1076 401 1134 quam
423 1057 611 1134 impugnaret
633 1067 723 1135 atque
745 1058 775 1116 in
798 1058 939 1118 ditionem
964 1079 1048 1120 suum
1065 1061 1218 1138 redigeret,

113 1179 155 1218 eo
163 1143 269 1235 'magis
285 1158 465 1216 occidentem
481 1159 639 1233 petendum
664 1158 861 1233 existimavit,
884 1160 986 1238 ibique
1008 1163 1217 1238 recuperanda,

115 1279 200 1338 quae
228 1266 297 1334 post
324 1259 471 1317 funestum
499 1258 594 1333 patris
621 1267 771 1335 receptum
798 1261 973 1322 deiecerant.
1016 1263 1117 1340 Atque
1145 1263 1218 1322 adeo

115 1358 228 1419 summi
244 1359 398 1418 videbatur
415 1359 556 1418 momenti
574 1377 652 1432 esse,
675 1368 709 1418 ut
730 1369 889 1421 evacuatae
904 1361 1157 1437 Ephraimitarum
1174 1383 1219 1424 se-

113 1461 171 1519 des
189 1460 324 1537 Assyriis
341 1459 456 1518 colonis
473 1459 646 1518 incolendas
668 1462 869 1533 traderentur3
894 1481 987 1539 quare
1008 1481 1036 1521 a.
1055 1481 1079 1522 o.
1098 1468 1162 1535 676,
1187 1473 1220 1523 ut

113 1580 211 1637 supra
232 1560 430 1635 computando
453 1559 611 1625 statuimus
620 1558 641 1632 ²,
665 1579 681 1618 e
702 1561 833 1638 quinque
854 1562 1008 1637 gentibus,
1032 1561 1218 1639 Babyloniis,

114 1660 274 1732 cuthaeis,
294 1659 420 1732 Avaeis,
444 1659 641 1732 Hemathitis,
665 1658 879 1737 Sepharvaeis,
903 1661 1041 1720 idoneam
1057 1662 1218 1721 multitudi-

116 1781 186 1820 nem
230 1779 265 1819 eo
307 1759 410 1818 deduci
445 1760 531 1820 iussit
538 1781 546 1833 ;
588 1760 669 1819 fecta
703 1768 801 1818 autem
837 1761 1009 1834 occasione,
1050 1762 1219 1822 Manassem

114 1862 295 1921 Iudaeorum
312 1879 411 1938 regem
427 1860 615 1938 Babylonem
637 1881 656 1919 a
681 1861 776 1937 copiis
798 1862 861 1921 eius
878 1870 1064 1939 asportatum
1081 1863 1219 1937 vidimus,

113 1971 208 2039 atque
225 1962 299 2020 adeo
317 1969 451 2020 extremo
468 1962 534 2019 loco
552 1961 679 2021 Iudaeos
696 1962 734 2021 ab
752 1963 889 2041 Assyriis
906 1981 971 2023 esse
988 1970 1124 2023 vexatos.
1158 1965 1219 2022 Eo·

114 2065 185 2122 dem
211 2071 342 2139 tempore
368 2063 448 2140 quod
465 2061 695 2121 Philisteeorum
719 2082 837 2141 quoque
859 2063 964 2136 urbes,
988 2072 1130 2142 tanquam
1153 2083 1220 2141 gra·

29 2143 32 2150 ⁴
113 2162 273 2224 vissimum
295 2171 398 2222 contra
416 2163 584 2240 Aegyptios
606 2166 878 2241 propugnaculum,
902 2165 1136 2241 recuperaverit,
1159 2185 1220 2224 non

1 2328 3 2331 ,
113 2264 260 2325 dissimile
288 2263 349 2323 veri
374 2283 439 2324 esse
456 2262 605 2335 videtur⁸3
631 2283 732 2348 ¹verum
757 2265 838 2343 quod
854 2267 1026 2343 Aegyptum
1048 2266 1145 2342 ipsum
1169 2285 1220 2324 ex-

115 2364 312 2441 pugnaverit,
337 2365 381 2422 uti
399 2364 520 2422 tradidit
536 2366 706 2422 Aurenses
729 2374 759 2424 et
787 2385 824 2423 ex
850 2375 1105 2425 monumentorum
1129 2366 1222 2426 titulis

112 2485 210 2542 nuper
228 2466 338 2524 eruisse
355 2465 412 2524 sibi
430 2464 546 2523 videtur
563 2465 839 2538 enarmonium,
858 2484 912 2524 nec
929 2467 1095 2541 temporum
1113 2467 1219 2525 rationi

115 2709 241 2759 Ceterum
260 2725 312 2760 non
335 2707 437 2757 ridetur
454 2708 637 2771 omittendum,
659 2707 728 2772 quod
750 2708 778 2755 iu
802 2705 937 2756 annalibus
955 2705 1093 2759 Senberibi
1111 2723 1127 2758 a
1144 2707 1222 2759 niw-

113 2805 229 2844 umsomo
246 2795 378 2859 explicatis
396 2799 487 2854 quarto
509 2794 577 2842 illius
601 2807 669 2844 anno
687 2791 772 2855 (713),
794 2789 895 2841 devicto
911 2792 1069 2842 Merodaeho
1087 2791 1222 2842 Baladsno

113 2879 202 2930 Assur
209 2879 235 2929 N
236 2879 297 2928 adiu
305 2879 372 2929 filius
382 2877 544 2940 Babyloniae
555 2878 716 2942 praepositus
726 2891 781 2927 esse
790 2876 878 2925 femur.
890 2877 935 2928 cfr.
946 2875 1015 2926 Outl.
1027 2892 1050 2941 p.
1063 2877 1221 2928 XXXVlll.

169 2960 196 3023 1)
212 2962 264 3015 Cir.
281 2963 332 3013 les.
349 2961 499 3023 XXXVII,
519 2963 560 3012 38.
586 2963 631 3013 cfr.
650 2963 763 3013 munus.
782 2962 875 3012 Euesa.
894 2960 947 3011 chr.
965 2974 1029 3012 arm.
1046 2976 1071 3025 p.
1084 2963 1125 3014 53.

128 3079 147 3110 s
168 3047 196 3109 2)
212 3047 265 3099 (tir.
283 3061 360 3113 supra
376 3063 400 3110 p.
412 3039 534 3108 XXVH,
551 3053 604 3096 not.
617 3050 641 3096 l.

168 3133 196 3196 3)
213 3131 336 3183 Serninus
353 3133 381 3180 iu
397 3129 464 3179 libro
482 3129 677 3194 diligentissime
696 3133 837 3196 composito
857 3131 947 3193 ,Gaza
958 3130 1010 3180 und
1023 3129 1065 3180 die
1076 3131 1222 3198 Philistaei-

112 3215 485 3278 sehexmm“1cou,p.204.
504 3215 552 3264 20⁷
572 3230 625 3264 uon
643 3216 725 3266 solum
742 3215 912 3266 Sanheribum
930 3231 1019 3266 verum
1036 3217 1115 3266 etiam
1127 3216 1221 3266 Assar·

112 3301 264 3352 heddonem
282 3301 308 3348 in
325 3298 523 3348 Philistueorum
543 3299 647 3350 urbibus
665 3301 789 3350 stationes
806 3306 929 3365 perpetuo
947 3299 1066 3350 babuisse
1084 3301 1221 3362 existimat,

113 3392 196 3449 atque
212 3384 326 3433 indidem
338 3383 503 3446 Assyriorum
520 3385 608 3448 copias
619 3384 774 3435 Iudaeorum
790 3385 855 3434 lines
873 3397 989 3433 vexasse.
1013 3385 1050 3434 At
1060 3398 1135 3445 vere,
1152 3385 1221 3448 quod

114 3469 151 3519 ad
164 3468 375 3518 Assarbaddouis
393 3473 503 3517 aetatem
522 3467 627 3530 attinet,
644 3469 744 3519 idoneis
761 3469 917 3532 argumentis
935 3480 967 3516 ea
983 3469 1110 3518 sententia
1122 3469 1222 3518 ridetur

114 3567 219 3615 carere3
243 3553 309 3614 imo,
332 3553 382 3601 nisi
399 3552 466 3602 forte
483 3553 614 3616 expeditio
632 3553 688 3615 illa,
712 3566 789 3616 quam
805 3553 833 3600 in
850 3550 997 3615 Aegyptum
1013 3552 1104 3602 secisse
1121 3554 1220 3616 dicitur,

115 3636 287 3700 amplioribus
304 3636 463 3686 documentis
485 3636 623 3700 aliquando
643 3636 809 3700 comprobate
825 3634 916 3695 fuerit,
940 3634 989 3684 hoe
1012 3641 1111 3685 tantum
1133 3641 1221 3690 verisi-

115 3721 181 3770 mile
197 3720 312 3783 ridetur,
334 3721 544 3771 Assarbaddonis
561 3722 648 3786 coplas
665 3721 783 3785 regiones
800 3720 896 3768 viduas
914 3718 1088 3779 infestavisse,
1106 3737 1162 3770 cum
1179 3739 1220 3772 eo·

114 3807 194 3854 lones
214 3805 273 3854 illos
295 3807 322 3854 iu
341 3803 485 3856 Samariam
507 3806 681 3855 deduxissent.

171 3887 199 3949 4)
217 3889 353 3939 Aruernus
363 3890 467 3951 (Euesa.
479 3889 530 3940 chr.
544 3905 607 3941 arm.
619 3906 645 3954 p.
654 3887 697 3950 54)
709 3889 774 3938 haec
784 3887 873 3938 babet:
897 3885 1026 3950 ,Axerdis
1038 3893 1123 3937 autem
1134 3888 1221 3954 Aegy-

115 3978 192 4035 ptum
214 3976 350 4036 partesque
372 3973 463 4038 Syriae
485 3975 621 4024 inferiores
643 3975 670 4023 in
697 3987 770 4023 susm
797 3976 952 4037 potestatem
978 3971 1106 4035 redegit;“
1131 3972 1221 4034 quibus

115 4060 218 4119 quanta
235 4056 369 4122 largienda
393 4061 427 4108 sit
444 4057 524 4120 fides,
548 4057 660 4108 ostendit
676 4057 800 4107 Nrsuoun.
818 4057 853 4106 kl.
873 4055 1001 4107 Schriften
1019 4056 1046 4119 Ι,
1063 4057 1121 4106 206.
1156 4055 1222 4107 Gra-

116 4142 193 4190 viora
211 4148 284 4203 sunu,
302 4144 324 4192 si
343 4149 412 4194 recte
430 4143 564 4193 enucleata
580 4149 640 4193 sunt
656 4142 859 4193 aRawurusorno
870 4143 950 4192 verba
967 4156 999 4190 ex
1010 4142 1122 4205 imagine
1132 4141 1223 4202 leonis,

115 4226 215 4290 reperti
236 4227 263 4275 iu
286 4227 383 4291 palatio
406 4226 439 4277 ub
461 4226 664 4276 Assarhaddone'
692 4226 826 4277 aedificato
855 4225 924 4290 apud
951 4227 1035 4275 vicum
1055 4225 1115 4275 bod.
1138 4225 1224 4275 Nebbi
1247 4211 1258 4244 ²

116 4309 223 4373 Yunus3
253 4310 290 4360 ibt
319 4311 387 4360 enim
415 4310 556 4361 luculenter
577 4310 628 4374 legi
650 4309 775 4360 affirmat:
805 4308 1004 4371 ,Essrhaddom
1033 4323 1174 4374 conqueror
1198 4309 1227 4358 ol
