2918 5098
523 303 597 364 Car.
611 305 671 379 lll,
689 325 718 366 v.
731 311 758 366 8.
1121 304 1191 374 103

84 489 186 548 sertim
204 505 522 564 numeroeupressum
539 490 649 567 Napu,
668 489 707 548 ad
724 489 899 550 universam
910 491 1012 550 urbem
1025 492 1106 552 baad
1120 511 1191 553 raro

83 589 289 648 transirertur¹⁸
316 589 393 648 Erat
413 600 512 648 autem
534 601 624 667 ceput
647 589 809 666 superioris
831 591 981 668 Aegypti,
1006 592 1093 652 sicuti
1116 593 1191 654 inic-
1260 592 1265 602 '

83 689 172 748 rioris
189 689 353 765 Memphis,
372 698 402 748 et
418 709 479 766 quo
497 691 594 751 maior
613 713 632 751 a
648 691 753 767 primis
770 691 839 750 inde
856 692 1040 768 temporibus
1057 693 1191 770 superio·

82 791 126 850 ris
150 790 235 867 regni
262 797 326 848 erat
343 791 505 852 auotoritas
524 800 553 850 et
568 793 716 868 potentia,
741 811 776 850 eo
794 793 964 852 Thebarum
986 811 1106 870 quoque
1126 814 1192 854 ma-

81 891 207 968 gnitudo
224 899 254 948 et
272 889 441 950 divitiaeet
458 893 676 970 magnificentia
692 893 815 970 reliquis
823 894 955 969 Aegypti
969 893 1188 970 praecellebant

82 991 225 1063 urbibus3
250 991 341 1066 quid?
372 993 452 1069 quod
476 994 514 1053 ad
538 1013 655 1058 sacrum
677 994 756 1052 hunc
777 993 935 1053 Ammonis
964 994 1062 1054 locum
1091 995 1190 1056 omnis

80 1091 302 1170 Aegyptiorum
321 1092 408 1169 qussi
433 1094 549 1170 regitur
572 1093 725 1154 historia².
751 1094 912 1172 ogregiam
935 1093 1013 1168 eius,
1039 1114 1099 1173 quo
1117 1096 1189 1156 clim

81 1193 248 1270 gaudebat,
272 1192 460 1268 splendorem
482 1195 586 1272 ingens
607 1196 661 1255 illa
683 1195 861 1271 templorum
883 1196 914 1254 e't
934 1196 1116 1271 palatiorum
1138 1196 1189 1256 de·

80 1301 261 1354 structorum
289 1293 382 1353 moles
404 1296 558 1371 perlatos
582 1315 705 1374 campos
727 1295 822 1356 effusa
851 1297 932 1372 apud
954 1297 1037 1357 vicos
1059 1297 1190 1358 Medinet

79 1395 168 1468 Abu,
194 1393 329 1470 Lugsor,
353 1393 479 1456 Karnak
502 1405 628 1457 testetur
644 1395 805 1474 hodieque,
829 1415 925 1474 neque
949 1397 1041 1456 ullam
1063 1397 1188 1474 reperiri

77 1505 143 1554 tam
164 1495 315 1571 -graudem
345 1503 466 1574 tamque
495 1498 644 1557 excelsam
674 1497 826 1557 ruinarum
854 1496 1057 1574 maiestatem,
1087 1499 1186 1558 omnia

78 1597 219 1672 deinceps
236 1595 389 1656 itineraria
404 1597 580 1659 affirmanti.
598 1631 636 1642 -
657 1601 701 1658 At
717 1616 788 1656 vero
806 1595 856 1654 No
874 1599 1005 1656 Ammon
1026 1615 1092 1658 esse
1109 1599 1188 1656 The·

77 1699 151 1771 bae,
164 1704 269 1756 nostra
282 1697 398 1756 demum
411 1699 554 1764 memoria
567 1698 753 1758 consentiunt
768 1697 959 1774 interpretes,
973 1697 1188 1758 Βοοιωιτωι4

78 1799 267 1860 etZoumnu
287 1799 394 1871 secuti3
412 1800 658 1874 iumunctmnen,
677 1799 728 1876 qni
741 1806 901 1876 praeeunte
911 1798 1044 1857 lonsrn.
1066 1806 1096 1856 et
1108 1797 1185 1856 Hm-

76 1915 226 1971 nonmm,
248 1899 287 1957 ab
305 1899 475 1960 institutore
491 1919 546 1961 suo
562 1901 606 1960 ite
623 1901 743 1973 edocto,
769 1898 1054 1958 Alexandriam
1077 1898 1186 1958 intelli·

77 2008 197 2078 gerent,
215 1998 273 2058 situ
291 1999 354 2060 eius
370 2002 501 2060 maxime
518 2002 675 2074 commoti,
702 1999 812 2073 (lanu,
838 1998 955 2073 Goon,
977 1999 1061 2073 lure,
1084 2000 1184 2072 P1sc.,

77 2100 193 2173 Dans,
211 2100 333 2160 umus.
352 2109 382 2162 et
399 2103 446 2162 vel
462 2121 515 2178 per
532 2102 685 2180 prolepsin
701 2113 761 2162 une
778 2121 845 2162 cum
862 2100 1022 2162 existentia
1035 2100 1186 2160 interitum

76 2201 279 2279 praedictum,
298 2202 345 2260 vel
362 2203 507 2280 oppidum
523 2204 689 2281 quoddam,
709 2203 788 2280 quod
806 2210 896 2264 autea
913 2202 975 2262 eins
991 2201 1092 2262 locum
1103 2211 1187 2260 tenu-

76 2303 152 2364 isset
174 2302 357 2379 appellatum
381 2304 536 2376 docerent,
560 2305 629 2364 lloct
646 2302 810 2364 Srnssous
834 2312 865 2361 et
880 2303 1041 2362 Psusams
1065 2310 1187 2362 auctore

79 2393 177 2480 κώμη
196 2411 311 2463 tantum
327 2404 370 2462 ibi
387 2404 580 2480 reperiretur,
597 2404 771 2480 priusquam
789 2403 1010 2462 abAlesaudro
1021 2403 1099 2462 'urbs
1117 2421 1186 2462 oon-

78 2507 206 2566 deretur.
242 2505 306 2564 alii
327 2514 426 2564 autem
450 2505 658 2582 Diospolin
681 2503 859 2562 minorem
881 2510 1071 2578 aeceperunt,
1096 2521 1186 2577 super

77 2607 246 2666 Mendetem
271 2605 302 2664 in
327 2608 467 2684 Aegypto
492 2606 631 2664 inferiore
655 2605 760 2678 sitam,
785 2603 959 2681 praesertim
977 2621 1044 2661 cum
1060 2599 1185 2662 semo

77 2708 203 2768 lacubus
228 2725 294 2766 earn
319 2707 529 2767 circumdatum
552 2707 645 2766 inisse
667 2706 797 2766 traderet
819 2705 853 2780 (l.
874 2703 981 2776 XVH,
1005 2721 1030 2762 c.
1046 2703 1077 2760 I:
1100 2694 1187 2774 Διὸς

79 2797 182 2880 πόλις
202 2803 261 2866 καὶ
282 2796 318 2866 ul
340 2801 419 2887 περὶ
440 2795 544 2888 αὐτὴν
571 2798 711 2885 λίμναι),
729 2807 896 2878 ΚΑιΙΝεκ.,
910 2805 1051 2875 Kennu.;
1068 2811 1186 2879 atquo·

79 2911 171 2969 modo
189 2909 348 2970 obscurum
364 2908 438 2967 illud
455 2910 597 2988 oppidum
615 2905 878 2984 comparariNiuo
900 2912 990 2981 atque
1006 2905 1080 2964 adeo
1099 2923 1185 2980 prae·

79 3010 210 3072 stantius
226 3027 291 3069 esse
307 3009 365 3068 dici
382 3010 502 3086 possiti
527 3011 596 3085 Quo
614 3009 743 3081 aceedit,
767 3008 847 3086 quod
863 3007 958 3084 probe
975 3005 1090 3064 monuit
1106 3005 1186 3064 Zoa-

78 3129 166 3172 musz
190 3111 283 3184 „urbs
309 3109 460 3171 Ninevitis
477 3113 616 3188 ponenda
634 3113 672 3170 ob
692 3111 795 3170 oculos
813 3117 893 3181 erat,
919 3127 997 3185 quae
1014 3125 1076 3165 non
1092 3105 1188 3182 magis

79 3222 188 3274 natura
204 3219 235 3270 et
250 3210 382 3272 mirificis
399 3211 528 3274 molibus
545 3213 676 3285 munita,
700 3231 790 3289 quam
808 3217 930 3286 propter
947 3207 1065 3284 imperii
1083 3207 1187 3283 ampli·

79 3314 211 3378 tudinem
228 3320 258 3372 et
276 3311 498 3372 diuturnitatem
517 3313 729 3374 florentissima
745 3319 839 3384 esset,
857 3318 891 3372 ut
906 3307 1066 3368 Nineuitas
1079 3307 1154 3366 illud
1171 3326 1189 3364 e

78 3415 151 3476 fatis
174 3421 275 3472 tantae
299 3413 379 3474 urbis
404 3422 632 3490 cognoscerent,
658 3413 740 3489 quod
763 3413 830 3488 ipso
853 3429 908 3470 usu
932 3409 1021 3468 etiam
1044 3406 1188 3466 mortales

79 3517 257 3580 docentur‚“
301 3512 398 3578 Situm
415 3533 485 3578 vero
501 3535 551 3578 .vv.
570 3533 655 3592 seqq.
674 3511 855 3587 descriptum
878 3511 1008 3587 perbene
1040 3507 1189 3586 quadrare

79 3617 109 3678 in
126 3615 268 3688 Thebas,
284 3614 441 3676 confestim
458 3615 582 3694 patebit.

132 3928 160 3990 l)
178 3927 233 3979 oo.
250 3927 357 3978 Iuratus
375 3927 462 3980 Brieie
481 3943 505 3993 p.
518 3929 569 3981 am
587 3945 621 3980 ss.

131 4013 158 4075 2)
174 4012 208 4062 Id
225 4013 295 4076 quod
311 4011 406 4063 ibidem
424 4013 565 4064 luculenter
580 4015 741 4079 perstrictum
760 4011 893 4076 reperitur.

132 4097 159 4158 3)
177 4097 231 4148 Cir.
247 4097 335 4148 Zomm
353 4097 446 4148 librum
464 4113 542 4162 supra
559 4099 591 4160 l.,
614 4105 640 4146 et
657 4099 736 4164 libros
755 4102 771 4146 a'
789 4095 904 4148 (insumo
921 4093 986 4144 thes.
1005 4106 1030 4142 a
1046 4107 1070 4140 v.
1094 4097 1120 4140 et
1137 4089 1192 4139 Wr-

81 4196 146 4234 mmo
164 4183 244 4233 R.W.
262 4197 286 4232 a.
304 4183 412 4244 citatos,
435 4182 526 4246 quibus
549 4181 617 4232 adde
634 4183 742 4232 Larsmu
766 4179 782 4229 l.
801 4181 818 4230 l.
842 4196 865 4243 p.
880 4179 1024 4230 265-303
1050 4183 1075 4225 et
1101 4175 1132 4224 F.
1159 4173 1192 4222 Α.

83 4268 219 4329 Statura,
238 4265 293 4317 Sin.
311 4281 335 4316 u.
355 4266 431 4330 Golg.
449 4265 494 4329 (V)
512 4285 536 4334 p.
550 4268 668 4319 66-72.

135 4353 162 4414 4)
180 4352 286 4415 Phaleg.
305 4365 329 4416 p.
343 4353 366 4402 6.
386 4351 409 4400 t.
