2918 5098
516 280 588 342 (iar.
604 281 665 356 Ill,
684 302 711 342 v.
729 287 769 344 16.
1129 279 1199 353 119

94 485 223 546 pugnare
251 467 346 542 probe
372 465 593 542 perspexisset,
632 465 715 526 nullo
751 467 871 544 negotio
908 467 1056 528 correxit:
1088 461 1201 560 213pr

94 573 121 648 t)
139 569 192 630 alii
208 567 315 628 deiude
332 585 489 646 perperam
508 567 618 628 collato
637 572 696 627 v.4
713 568 857 645 Assyrios
874 569 941 630 ideo
960 567 1108 646 appellari
1124 586 1201 628 mer·

94 679 207 730 catores
222 668 442 741 existimarunt,
454 668 526 746 quia
541 677 645 746 gentes
667 668 861 740 vendiderunt
875 669 1130 732 torniestionibus
1144 677 1200 742 ot.3
1313 733 1316 740 ,

92 773 120 849 3)
137 779 309 848 postremo,
332 778 366 828 ut
387 770 464 830 alios
487 777 724 847 praetereamus,
749 767 994 834 suessanorum
1012 769 1155 852 quoniam
1171 791 1200 832 v.

91 868 144 936 ira
159 871 310 932 interdum
327 879 373 930 est
390 871 558 948 explorare,
582 869 790 948 exploratores
812 871 1021 950 intelligendos
1039 871 1199 948 proponit:

89 973 249 1046 „sehickst
265 973 306 1032 du
322 973 396 1032 euch
414 973 492 1032 noch
505 991 540 1032 ao
553 971 864 1034 vide'Kundscbaiter
875 993 949 1047 aus,
967 993 1017 1034 um
1030 972 1078 1034 die
1088 969 1200 1038 Starke

88 1075 142 1132 der
159 1073 339 1134 ieindlichen
355 1072 454 1134 Heere
470 1093 507 1135 uu
524 1074 677 1146 ettamen,
695 1073 756 1132 und
773 1074 890 1136 datrach
903 1075 993 1134 ‘deine
1010 1071 1199 1151 Gegenwehr

87 1195 124 1236 ru
142 1175 321 1234 bereohnem
356 1193 388 1235 es
410 1174 479 1234 bilit
501 1174 548 1234 dir
570 1174 685 1248 nichts,
710 1175 762 1233 der
778 1175 874 1236 Feind
898 1175 995 1237 bricbt
1015 1176 1070 1237 auf
1092 1175 1200 1236 sinuat

88 1277 134 1336 los
150 1276 214 1334 und
230 1276 348 1352 schldgt
364 1275 430 1334 dein
447 1275 540 1352 ieiges
556 1275 638 1336 Heer
655 1275 796 1360 gaudiuux
815 1277 928 1346 zuruck
937 1282 972 1349 ;“
996 1289 1087 1354 quam
1109 1275 1199 1344 intar-

88 1377 287 1452 pretationem
304 1376 422 1452 longius
439 1379 544 1437 abesse
561 1397 580 1436 a
598 1377 744 1436 sententia
759 1378 854 1451 vatis,
878 1378 946 1455 ipse
961 1385 1115 1440 assecutus
1133 1393 1200 1440 esee

88 1478 224 1551 ridetur,
242 1497 308 1537 cum
325 1478 428 1540 statim
445 1477 601 1550 adiiceret,
619 1477 708 1536 malle
725 1497 760 1538 se
775 1485 874 1540 tamen
890 1479 990 1554 legere
1005 1472 1107 1562 nrm.

3 1581 4 1584 '
137 1579 183 1638 At
199 1597 274 1638 vero
288 1578 391 1640 omnia
407 1579 480 1640 baec
495 1578 711 1655 interpretandi
729 1586 759 1638 et
783 1578 951 1655 corrigendi
974 1559 1084 1655 genera
1109 1599 1198 1656 quam

88 1681 148 1740 sint
165 1679 280 1752 futilia,
300 1680 387 1740 facile
403 1679 593 1756 intelligitur,
612 1679 663 1740 ubi
675 1687 863 1756 reputemus,
881 1679 1090 1741 commercium
1100 1681 1198 1756 Assy-

3 1779 4 1788 ’
87 1782 204 1840 riorum
220 1781 325 1858 quanti
346 1781 387 1842 sit
408 1781 595 1854 babendum,
620 1780 737 1842 etiamsi
755 1789 886 1844 veterum
903 1781 1031 1856 scripta,
1054 1780 1106 1840 diu
1128 1788 1199 1855 post

87 1901 224 1942 eversam
236 1880 350 1942 Ninum
371 1882 537 1960 composita
554 1882 621 1956 illa,
639 1881 819 1959 paucissima
837 1889 952 1942 tantum
969 1882 1000 1940 in
1017 1882 1076 1942 hoo
1090 1899 1199 1960 genere

87 1984 273 2045 tradiderint.
301 1983 557 2046 Considerandum
578 1993 624 2044 est
645 1984 739 2058 enim,
762 1983 875 2044 Ninum
898 1983 950 2057 „in
977 1983 1086 2044 vertice
1112 1980 1198 2060 quasi

86 2085 190 2162 anguli
206 2085 338 2160 positam
354 2085 463 2158 fuisse,
481 2084 512 2144 in
530 2105 626 2162 quem,
634 2086 743 2147 itinera
759 2094 790 2146 et
805 2085 959 2146 meridiem
971 2093 1001 2147 et
1015 2085 1197 2144 occidentem

85 2186 255 2264 spectantia
270 2186 486 2259 conveniunt,“
504 2187 688 2264 magnailla·
697 2187 821 2264 inquam
836 2187 945 2249 itinera
952 2185 972 2260 ²,
997 2186 1105 2264 quibus
1122 2203 1198 2246 mer-

86 2307 134 2348 ees
152 2297 184 2348 et
200 2288 350 2352 exmcitus
366 2306 421 2364 per
445 2286 620 2364 praecipuas
637 2287 738 2348 Asiae.
751 2295 856 2364 partes
879 2289 1137 2358 maducabantm
1162 2305 1199 2348 ac

3 2377 4 2400 ³
85 2387 276 2466 praesertim,
295 2389 348 2461 iis,
385 2388 437 2466 qui
475 2407 513 2446 ex
541 2387 618 2448 Asia
651 2387 768 2448 minore
802 2395 832 2446 et
860 2387 1024 2448 Phoenicia
1046 2387 1197 2466 Syriaque

86 2500 114 2550 et
129 2491 275 2572 Aegypto
293 2490 323 2548 in
341 2490 477 2550 Pereiam
500 2498 530 2552 ,ct
546 2489 676 2551 Mediam
702 2507 879 2564 omnemque
896 2484 1002 2550 Asiam
1023 2487 1195 2548 interiorem

85 2592 262 2664 tendebant,
284 2589 397 2654 Ninum
423 2589 710 2662 commodissimum,
741 2609 779 2650 ne
802 2589 898 2648 dicam
921 2589 1039 2650 unicum
1061 2587 1194 2666 Tigridis

84 2692 261 2770 praebuisse
277 2691 464 2764 traiectnm³3
488 2692 566 2750 unde
587 2692 670 2750 haud
684 2701 794 2750 temere
811 2690 1013 2752 concludendo
1031 2689 1197 2762 coniicitur„

87 2795 220 2854 omnium
241 2794 360 2854 illarum
382 2795 672 2871 regionum-merces
689 2799 719 2853 et
743 2793 966 2854 manufacturas
991 2791 1105 2854 Ninum
1128 2809 1197 2866 per·

86 2913 204 2956 measse
220 2913 316 2973 eoque
333 2896 419 2972 quasi
435 2895 468 2953 in
484 2894 612 2954 medium
631 2894 778 2971 quendam
795 2894 894 2954 locum
907 2893 1000 2954 fuisse
1011 2899 1169 2969 congestas
1176 2890 1197 2952 ⁴.

86 2998 154 3072 Quo
173 2996 250 3056 adde
267 2998 349 3075 quod
366 2996 555 3058 celeberrima
571 2995 808 3073 Babyloniorum
826 2992 1036 3066 commercie⁵,
1055 2992 1198 3070 quamdiu

85 3097 212 3160 subiecti
236 3097 356 3158 fuerunt
379 3098 531 3175 Assyriis,
558 3098 597 3156 ad
617 3105 707 3174 caput
728 3097 814 3174 regni
838 3115 1021 3174 magnopere
1042 3094 1198 3156 debuerint

85 3199 241 3277 pertinere.
269 3198 338 3274 Qua
354 3217 392 3258 ex
410 3199 635 3275 opportunitate
652 3208 681 3258 et
698 3207 806 3258 natura
823 3198 958 3258 locorum
970 3196 1129 3264 cumsatis
1147 3215 1197 3256 co-

84 3302 173 3378 piosa
191 3301 386 3377 Assyriorum
411 3299 574 3377 negotiatio
599 3300 736 3360 rideatur
757 3308 875 3376 patere,
901 3317 939 3357 ex
962 3297 1127 3356 Ezechielis
1150 3297 1196 3354 in-

137 3579 163 3641 l)
182 3577 290 3629 Studien
307 3595 331 3628 u.
350 3578 471 3628 Kritiken
489 3578 569 3639 1835,
587 3575 618 3639 i,
636 3594 660 3643 p.
675 3578 724 3628 155
735 3591 767 3626 es.
1028 3619 1031 3624 .

138 3668 165 3730 2)
184 3664 236 3716 Cir.
254 3665 380 3714 Hananrur
397 3663 478 3713 Ideen
496 3670 529 3715 et.
548 3661 578 3724 1,
595 3662 625 3724 b,
643 3678 668 3728 p.
682 3662 731 3714 617
744 3675 779 3712 se.
797 3659 887 3711 'lucan
903 3675 995 3712 comm.
1013 3663 1063 3712 al.
1081 3679 1106 3727 p.
1116 3663 1148 3714 31
1162 3678 1194 3713 ss.

84 3753 171 3804 Gossn
189 3750 301 3812 Assyria
317 3765 342 3812 p.
355 3749 403 3799 581
417 3763 452 3799 ss.

134 3837 163 3898 3)
180 3833 235 3884 Gir.
253 3833 333 3886 Turn.
352 3834 369 3884 l.
382 3835 400 3886 l.
418 3851 442 3898 p.
453 3835 498 3886 32.
515 3833 557 3884 33.

134 3921 162 3983 4)
180 3917 307 3982 Quicquid
335 3920 452 3969 concludi
477 3918 538 3968 inde
565 3922 662 3980 potest,
691 3916 818 3966 uberrime
844 3915 976 3981 proposuit
999 3914 1107 3967 Gossms
1135 3913 1154 3962 l.
1176 3914 1194 3964 1.

84 4023 107 4070 p.
121 4005 172 4056 590
185 4017 219 4056 es.
237 4003 368 4052 Videntur
386 4005 491 4054 omnino
509 4016 541 4052 ea
557 4001 706 4064 commoda,
724 4017 790 4066 quae
806 4009 897 4066 postea
914 4000 949 4051 ad
965 4006 1079 4050 nostram
1096 4011 1193 4047 memo-

86 4092 150 4140 riam
173 4103 253 4151 usquc
271 4088 406 4140 Mossulae
423 4087 517 4137 incolis
541 4101 573 4136 en
596 4088 701 4150 egregia
722 4087 773 4138 loci
795 4087 985 4151 opportunitate
1007 4082 1194 4144 redundabant,

85 4176 175 4225 omnia
191 4174 270 4223 etiam
288 4173 321 4224 ad
340 4174 436 4224 Ninum
455 4171 523 4220 haud
542 4179 637 4222 temere
655 4171 759 4231 reterri3
776 4173 821 4221 cir.
840 4173 919 4222 Tuon.
938 4169 955 4220 i.
969 4173 985 4220 l.
1004 4178 1029 4234 p.
1041 4170 1082 4220 33.
1100 4168 1194 4220 Rrrrnn

84 4258 225 4310 Erdkunde
238 4259 291 4320 xt,
310 4275 335 4324 p.
345 4261 397 4310 180
406 4273 439 4308 as.
458 4259 507 4308 208
521 4272 554 4306 ss.
665 4281 666 4287 =
791 4291 793 4296 -

137 4343 162 4404 ὁ)
179 4343 232 4393 Cir.
252 4345 375 4394 Heernuu
392 4343 472 4396 Ideen
490 4349 521 4392 ct.
539 4342 567 4403 1,
585 4342 616 4403 b,
634 4357 657 4404 p.
672 4341 828 4392 lta-173.
