2966 5090
288 347 352 389 nxx
623 328 870 386 Paouuoounun.
895 324 969 385 (lar.
988 325 1042 384 ΠΙ.

290 515 337 592 gie
355 511 473 571 claudit.
500 487 659 569 corollarii
678 511 898 588 quodammodo
915 511 999 582 loco,
1017 509 1069 586 qui
1082 507 1236 568 Chaldaici
1255 505 1384 583 temporis

291 614 450 675 secundum
464 616 552 670 'tenet
568 613 681 686 locum,
698 612 901 671 annna1lu¹
920 613 1009 670 breve
1026 619 1056 670 et
1073 609 1253 670 succinctum
1270 607 1306 666 de
1313 606 1386 666 Nino

291 714 407 774 addidit
424 713 610 785 vaticinium,
629 715 726 791 quod,
745 733 810 772 com
825 712 1010 789 oppugnatio
1025 711 1105 770 urbis
1117 710 1178 768 iam
1189 717 1296 784 coepta
1308 717 1386 778 essct,

291 835 329 880 nc
344 815 490 873 humanae
508 813 626 889 quidem
644 813 823 872 dubitationi
839 813 931 872 ullam
948 812 1087 888 relinquit
1100 828 1214 870 ansam.
1240 810 1388 868 Postremo

290 912 474 973 Ezncnmn'
490 913 665 972 immensam
683 914 759 982 tanti
776 912 893 989 imperii
910 913 1027 971 ruinam
1041 911 1195 988 praeclara
1208 909 1390 970 similitudine

291 1013 459 1090 deploravit
488 1021 517 1069 et
540 1021 682 1090 tanquam
712 1022 799 1072 atrox
829 1012 1060 1090 omnipotentiae
1093 1011 1212 1069 divinae
1243 1009 1392 1087 proposuit

292 1113 468 1188 exemplum.

343 1213 444 1286 Quare
461 1229 527 1270 cum
545 1223 635 1287 caput
652 1213 819 1287 argumenti
828 1232 894 1272 cum
908 1212 975 1272 aliis
988 1209 1288 1270 vaticiniisNahumo
1302 1210 1397 1297 videa-¹

291 1330 357 1372 mus
374 1328 529 1369 commune
546 1329 627 1383 esse,
651 1311 810 1387 singularis
834 1321 933 1371 tamen
957 1311 1070 1370 oraculi
1096 1311 1175 1370 ratio
1199 1320 1291 1389 atquc
1313 1329 1393 1387 pecu·

292 1412 375 1470 liaris
400 1411 430 1468 in
458 1429 494 1469 eo
513 1411 641 1487 primum
658 1412 853 1487 conspicitur,
880 1413 962 1490 quod
977 1412 1173 1489 Assyriorum
1196 1411 1329 1470 interitui
1351 1412 1394 1468 de·

294 1511 450 1572 scribendo
468 1511 627 1586 plurimum
645 1511 763 1584 tribuit,
788 1513 999 1572 redemtionem
1015 1513 1192 1571 Iudaeorum
1210 1511 1315 1588 paucis
1337 1519 1395 1570 tan-

295 1623 357 1672 tum
375 1609 541 1685 declarat³,
569 1619 660 1690 atque
673 1612 748 1670 adeo
767 1614 841 1674 satis
857 1614 1020 1674 luculenter
1037 1613 1165 1673 ostendit
1182 1612 1288 1672 salutis
1306 1612 1395 1670 notio·

293 1732 361 1772 nem
385 1713 415 1771 in
432 1713 470 1771 V.
490 1712 537 1770 To
563 1713 693 1772 maxime
717 1714 847 1789 positam
873 1715 991 1774 esseio
1017 1713 1174 1774 securitate
1198 1714 1235 1771 ab
1263 1713 1396 1773 hostibus

294 1813 496 1890 adipiscenda.
538 1811 645 1889 Neque
668 1832 739 1870 vero
758 1815 918 1874 secundum
934 1813 1066 1873 Nahumi
1083 1813 1264 1885 doctrinam,
1284 1813 1398 1890 qualem

293 1915 324 1970 in
341 1931 401 1970 uno
419 1913 477 1968 hoc
492 1911 594 1970 libello
612 1911 756 1972 habemus
774 1934 963 1991 expressam,
981 1913 1102 1974 Israelis
1117 1914 1198 1973 salus
1216 1923 1245 1972 et
1258 1913 1396 1972 redemtio

293 2012 331 2070 ad
350 2029 496 2071 summum
513 2012 601 2069 linem
621 2030 706 2070 suum
724 2013 871 2092 simulque
888 2013 1035 2073 cumulum
1054 2013 1163 2090 vergit,
1183 2013 1278 2090 quiin
1291 2012 1398 2072 Massia

292 2112 409 2190 positus
420 2117 479 2170 cst:
499 2109 572 2168 nihil
583 2112 661 2170 enim
674 2111 705 2170 in
719 2115 859 2173 vaticinio
874 2114 937 2173 eius
951 2112 1187 2189 deprehenditur,
1208 2114 1290 2191 quod
1307 2114 1397 2191 probe

292 2211 438 2288 appellari
461 2220 566 2287 posset
588 2213 785 2277 Messianum:
809 2213 913 2290 negari
937 2221 1037 2271 tamen
1062 2211 1181 2289 nequit,
1214 2232 1275 2271 non
1302 2215 1397 2290 prima

292 2320 407 2372 tantum
424 2311 546 2372 alterius
563 2313 670 2391 capitis
687 2313 807 2385 verba⁴,
830 2332 932 2371 verum
954 2313 1047 2372 totius
1070 2311 1183 2370 oraculi
1205 2313 1295 2388 quasi
1322 2333 1398 2374 sum·

292 2431 388 2486 mam,
406 2413 590 2473 eversionem
607 2413 723 2489 imperii
739 2412 881 2472 secularis
899 2421 990 2494 atquc
1006 2412 1102 2490 gentis
1120 2429 1223 2471 sacrae
1244 2411 1397 2472 liberatio·

291 2532 358 2572 nem
376 2522 405 2572 et
421 2514 648 2586 restitutionem,
666 2513 697 2570 in
715 2511 835 2573 Christo
854 2514 969 2572 demum
988 2506 1109 2590 eiusque
1126 2529 1219 2588 regno
1238 2513 1358 2573 absolvi
1374 2522 1398 2572 et

292 2615 444 2674 cumulari.
470 2613 549 2674 Tum
566 2634 637 2674 vero
656 2613 742 2674 sicuti
759 2634 778 2674 a
795 2615 860 2674 zelo
876 2614 1000 2674 Domini
1017 2625 1047 2673 et
1064 2613 1183 2690 energia
1204 2613 1397 2689 proficiscitur

291 2715 322 2789 I,
340 2721 373 2789 2,
393 2736 470 2792 quae
485 2725 672 2792 peccatorem
688 2735 749 2775 non
763 2716 891 2775 dimittat
906 2717 1069 2787 insontem,
1087 2715 1131 2774 ita
1148 2733 1202 2790 per
1220 2732 1308 2773 omne
1326 2715 1396 2774 vati·

292 2815 401 2874 oinium
425 2816 545 2874 talionis
569 2817 687 2875 divinae
710 2824 740 2872 et
770 2814 974 2873 retributionis
1005 2813 1165 2873 declaratio
1184 2815 1245 2873 ·vel
1278 2814 1397 2874 latitans

294 2915 514 2990 quodammodo
532 2914 587 2971 sub
606 2912 778 2988 superficie,
797 2911 845 2968 vel
862 2913 995 2986 apertius
1006 2931 1151 2987 expressa
1163 2915 1397 2990 deprehenditur,

291 3012 323 3069 id
346 3012 425 3088 quod
449 3013 479 3067 in
503 3009 627 3083 singulis
653 3009 791 3084 deinceps
816 3009 890 3069 locis
915 3010 1100 3086 explicandis
1124 3014 1316 3074 ostendimus.
1354 3016 1397 3072 Ac
1450 3031 1453 3036 ·

292 3109 378 3193 sicuti
395 3110 427 3166 in
444 3105 636 3168 describendo
658 3108 713 3165 zeli
730 3108 823 3182 divini
841 3110 948 3170 ardore
965 3121 1117 3185 versatur,
1145 3114 1189 3172 ita
1216 3114 1313 3173 oratio
1338 3115 1396 3172 eius

291 3211 359 3288 ipsa
376 3209 443 3286 igue
461 3205 680 3287 quodammodo
695 3217 725 3268 et
737 3200 865 3270 flammis
879 3212 1005 3290 flagrare
1019 3214 1151 3286 videtur3
1171 3215 1310 3290 apposite
1323 3215 1396 3274 enim

291 3309 482 3370 Lowumus⁵
496 3307 596 3368 stilum
610 3308 673 3370 eius
685 3311 732 3370 his
744 3312 922 3387 perstrinxit
939 3314 1053 3373 verbis:
1073 3333 1133 3387 „ex
1151 3315 1288 3376 omnibus
1305 3316 1396 3376 mino·

291 3410 374 3471 ribus
391 3408 545 3487 prophetis
561 3429 648 3468 nemo
666 3411 781 3472 videtur
798 3432 927 3491 aequare
945 3415 1173 3488 sublimitatem,
1200 3416 1352 3490 ardorem,
1371 3423 1398 3474 et

292 3510 418 3570 audaces
436 3509 559 3586 spiritus
576 3509 723 3584 Nahumi3
734 3517 753 3547 “
771 3532 825 3572 nec
842 3504 903 3572 non
920 3516 1098 3576 assentimus
1112 3515 1318 3591 Kannunum,
1338 3517 1395 3594 qui,

292 3755 553 3807 utIudaeildanasse
570 3765 695 3820 regnante
712 3761 740 3806 in
759 3759 920 3810 atrocissima
936 3767 1042 3823 peccata
1059 3764 1155 3812 reversi
1171 3763 1255 3814 minas
1272 3763 1331 3813 illas
1347 3764 1396 3812 iam

292 3847 428 3892 eventuras
444 3843 667 3905 pertimescerent:
690 3843 783 3892 eodem
801 3844 868 3892 enim
887 3849 1003 3907 tempore
1014 3837 1124 3896 'Nahum
1147 3830 1209 3912 ipsis
1226 3849 1342 3914 Assyriis
1359 3848 1395 3896 in·

291 3926 395 3976 teritmn
412 3927 517 3985 instare,
534 3924 639 3976 Iudaeis
656 3934 742 3976 antem
760 3928 868 3976 salutem
888 3933 914 3976 et
930 3927 1115 3980 redemtionem
1133 3931 1279 3982 affirmavit.

343 4010 369 4072 1)
385 4009 438 4060 cn.
457 3995 536 4073 zeph.
555 4009 597 4070 11,
617 4010 737 4062 ra-rs.

342 4093 367 4153 2)
385 4092 439 4141 Cir.
456 4093 550 4144 Bacch.
568 4095 671 4144 XXXI.
690 4095 813 4157 XXXII,
832 4099 864 4146 22
882 4111 915 4145 ss.

343 4177 368 4236 3)
386 4176 439 4226 Cir.
458 4177 640 4228 fflvnnmexu
658 4179 740 4228 Vorll.
759 4177 824 4230 uber
837 4181 883 4254 'die
901 4175 993 4232 Theoi.
1009 4184 1057 4242 ,des
1076 4186 1108 4233 Α.
1122 4185 1153 4233 Τ.
1172 4201 1196 4249 p.
1209 4187 1266 4236 160.

261 4292 266 4296 -
343 4257 369 4320 t)
386 4260 439 4310 cfr
457 4263 534 4326 p.48.
552 4264 594 4314 51.
698 4265 700 4273 '

341 4349 368 4411 b)
385 4342 437 4396 (tir.
455 4347 559 4399 Lowru.
577 4347 609 4398 de
628 4361 701 4398 sacra
719 4350 790 4414 poesi
808 4350 900 4400 Hebrr.
920 4349 942 4412 ξ.
956 4345 1014 4400 ost.
