2966 5090
405 312 430 386 ξ.
448 315 474 368 8.
498 310 548 370 Di:
565 325 688 370 avuuru
705 327 864 370 varrcrrui.
1093 331 1191 374 ixxru

72 477 165 575 *quod
188 495 256 552 inde
278 495 469 569 repetendum
495 503 558 567 est,
587 483 668 572 quod
691 495 773 556 nullu
797 514 834 552 ue
851 495 942 553 verbo
960 495 1079 571 quidem
1102 497 1191 572 signi·

75 599 204 668 ficatur,
228 614 247 653 a
264 594 442 672 quibusnam
460 595 597 672 gentibus
615 603 699 653 tanto
716 596 841 671 imperio
860 594 1005 654 excidium
1023 605 1189 671 pararetur.

75 699 142 756 Eas
166 704 267 754 autem
289 695 475 772 Babylonius
498 704 588 771 atque
611 696 716 754 Medos
738 695 804 756 es'se
826 691 902 754 inter
932 714 964 754 sc
994 697 1191 770 consociatos,

76 807 141 856 tam
170 817 187 854 e
212 795 342 856 Iesaiae¹
366 802 396 852 et
418 793 603 854 Habakulri²
618 797 718 856 verbis
741 813 831 873 quam
857 815 895 854 ex
921 805 1026 854 eventu
1053 797 1193 874 colligere

75 899 165 956 lieet:
184 895 223 955 ad
241 914 329 972 quem
346 896 449 971 paucis
466 895 526 954 iam
544 897 758 955 absolvendum
775 897 990 974 aggrediamur.

380 1071 406 1148 ξ.
425 1076 451 1130 8.
477 1085 526 1134 nn
544 1085 694 1136 nvnnru
711 1085 900 1136 VATICINII.

135 1197 300 1268 Enuutiato
317 1194 450 1254 Nabumi
475 1196 615 1256 vaticinio
639 1197 789 1274 quomodo
812 1196 967 1273 paullatim
992 1199 1031 1256 ad
1058 1206 1193 1257 eventum

82 1316 137 1356 res
156 1296 296 1354 deductae
312 1296 422 1355 fuerint
438 1305 472 1354 ut
494 1315 548 1356 suo
572 1297 676 1356 ordine
700 1315 920 1373 proponamus,
947 1299 1075 1373 primum
1097 1317 1194 1358 rever-

82 1397 208 1456 tendum
224 1397 310 1456 uobis
327 1397 470 1466 memoria
487 1391 579 1457 estin
603 1417 667 1456 eam
692 1398 907 1468 conditionem,
934 1397 964 1455 in
990 1417 1051 1475 qua
1066 1398 1195 1458 Iudaeos

81 1505 224 1557 versatos
246 1497 338 1578 tuisse
361 1497 559 1571 ostendimus,
583 1517 649 1556 cum
667 1497 806 1558 Manasse
828 1517 883 1556 rex
906 1497 1022 1556 vinctus
1039 1499 1196 1574 Babylone

83 1606 250 1669 teneretur3
269 1616 328 1674 quo
340 1597 422 1656 iacto
435 1598 629 1658 laetissimum
643 1599 773 1657 vaticinii
788 1597 960 1656 conficiendi
975 1597 1093 1656 initium
1105 1606 1195 1673 atque

83 1697 196 1775 pignus
214 1698 364 1772 quoddam
381 1697 413 1756 in
431 1699 527 1756 reditu
545 1698 624 1774 regis
641 1699 772 1774 positum
789 1698 882 1758 fuisse
895 1696 1109 1773 intelligemus3
1126 1716 1196 1756 nam

85 1818 152 1856 cum
168 1817 226 1858 rex
239 1799 282 1856 ab
298 1798 492 1874 Assyriorum
509 1799 654 1872 vinculis,
672 1799 801 1874 populus
819 1799 857 1858 ab
876 1797 983 1856 exsilio
1002 1815 1194 1856 summarum

85 1897 287 1960 sollicitudine
306 1907 655 1976 exspectatuappareret
676 1899 834 1973 liberatus,
859 1897 939 1957 haud
962 1906 1071 1956 temere
1095 1911 1195 1974 spera·

85 2001 160 2060 bant
176 1999 244 2056 fore
260 2007 294 2056 ut
310 2000 348 2057 ab
367 1999 447 2056 omui
465 2018 567 2058 eorum
586 1999 786 2059 dominatione
803 2018 875 2060 mox
892 1999 1120 2058 vindicarentur.

135 2100 201 2157 Vix
219 2106 318 2158 autem
335 2099 535 2176 quadraginta
560 2101 647 2174 annis
669 2100 881 2177 praeterlapsis
910 2099 1086 2158 luculentius
1109 2119 1196 2158 evcn-

87 2201 145 2260 turi
163 2199 278 2258 oraculi
296 2199 412 2275 signum
430 2200 563 2260 oblatum
581 2209 732 2273 est,1cum
749 2187 927 2276 thaortcs,
953 2201 1108 2259 Medorum
1131 2217 1196 2272 rex,

87 2321 115 2360 a.
132 2320 158 2360 c.
178 2302 229 2358 635
246 2298 359 2358 Ninum
377 2299 536 2360 obsideret.
563 2299 643 2359 Nam
661 2301 713 2378 qui
730 2300 994 2372 Assarhuddonem
1016 2301 1109 2360 secuti
1127 2294 1197 2359 sunt

60 2397 63 2402 ’
88 2400 286 2478 Assyriorum
303 2417 402 2476 reges,
427 2419 488 2458 nou
514 2402 612 2460 solum
635 2420 654 2458 a
671 2401 830 2460 dilatandis
854 2400 938 2484 regni
961 2401 1071 2459 finibus
1096 2415 1198 2459 verum

89 2502 179 2562 etiam
205 2479 415 2560 conservandis
437 2501 574 2559 videntur
600 2482 799 2571 abstinuisse,
818 2499 891 2558 nihil
914 2499 992 2557 enim
1009 2494 1128 2575 praeter
1144 2518 1196 2570 uo·-

88 2603 173 2661 mina
190 2601 227 2660 de
243 2601 280 2661 iis
297 2601 439 2662 traditum
456 2611 518 2674 est,
545 2619 640 2676 neque
665 2619 701 2658 ea
718 2599 837 2675 quidem
855 2597 1033 2672 scriptorum
1051 2596 1198 2656 consensu

89 2703 304 2778 comprobata:
334 2721 404 2760 uam
433 2703 630 2760 Annxsunnn
660 2696 879 2758 Ροιῑιῐιετοιι3
908 2707 978 2772 post
995 2697 1197 2756 Asordanium

90 2803 280 2880 Sammugem
311 2803 432 2879 eiusque
462 2803 584 2860 fratrem
614 2805 648 2859 42
681 2798 770 2860 anuis
797 2816 939 2876 regnasse
969 2798 1076 2870 tradit,
1105 2799 1199 2856 donec

89 2903 120 2964 N
121 2903 322 2980 abopolassar
339 2902 377 2976 ad
394 2920 518 2979 regnum
535 2902 717 2978 pervenirem
735 2901 767 2959 in
785 2919 898 2959 canone
918 2899 1104 2958 Proculiani
1121 2898 1199 2960 idem

90 3023 238 3064 annorum
255 3022 392 3062 uumerus
410 3002 614 3064 Saosducbino
639 3009 669 3061 et
686 3001 874 3080 Gyniladano
892 2999 1046 3073 tribuitur,
1074 3002 1198 3059 Aaron·

90 3105 167 3165 Νυε4
185 3105 285 3174 autem
302 3104 427 3163 extremi
446 3103 641 3180 Assyriomrn
659 3103 738 3180 regis
755 3122 862 3163 nomen
880 3099 1001 3174 Saraci,
1020 3101 1071 3159 alii
1089 3099 1198 3161 Sarda·

144 3333 169 3394 l)
187 3332 244 3383 Cir.
260 3332 312 3381 Ies.
329 3330 438 3392 xxm,
458 3333 504 3382 18:
526 3332 581 3394 ,En
598 3338 669 3380 terra
686 3331 889 3393 Chaldaeorum,
906 3332 969 3382 haec
985 3339 1024 3380 est
1041 3344 1118 3394 gens,
1136 3343 1200 3392 quaa

91 3434 144 3468 nou
162 3419 215 3467 fuit
231 3416 360 3478 bucusque
377 3414 404 3474 (i.
417 3431 439 3464 e.
457 3431 523 3480 quae
542 3431 594 3466 non
612 3417 664 3464 suis
682 3416 780 3480 legibue
799 3416 882 3466 adbuc
899 3417 1025 3480 parebat),
1041 3415 1151 3478 Assyria
1168 3439 1201 3453 -

92 3503 204 3553 tradidit
221 3509 278 3551 eam
295 3501 386 3550 incolis
404 3500 512 3563 deserti,
530 3502 599 3550 -ii
617 3508 700 3550 turres
717 3515 777 3550 suas
795 3501 896 3563 erigunt
920 3499 968 3548 ct.“
993 3501 1068 3550 Hauc
1090 3500 1201 3548 vexatis·

93 3589 151 3636 simi
173 3587 226 3636 loci
243 3586 386 3635 versionem
410 3586 484 3635 unice
509 3581 613 3648 probari
634 3600 723 3649 posse,
756 3585 897 3634 luculenter
919 3583 1032 3632 ostendit
1055 3584 1201 3634 Druirascn.

93 3671 168 3734 proll.
188 3670 223 3720 ad
240 3670 342 3720 Habak.
358 3687 383 3734 p.
397 3671 466 3720 XXI
478 3662 524 3720 ss.
660 3729 663 3737 Ι

146 3756 173 3817 2)
192 3755 245 3804 Cir.
264 3755 292 3816 1,
311 3755 334 3803 6.
357 3753 482 3814 Quoniam
501 3757 528 3804 in
546 3753 686 3804 Habakuki
704 3753 831 3802 vaticiniis
849 3749 988 3800 Chaldaeis
1006 3746 1100 3796 iudicia
1117 3745 1204 3796 divina

94 3840 127 3888 de
145 3838 266 3902 gentibus
283 3839 420 3888 exercendi
437 3855 529 3889 munus
547 3840 675 3901 tribuitur,
693 3838 772 3888 iidem
790 3838 831 3886 dei
850 3835 960 3886 ministri
974 3830 1043 3896 apud
1056 3829 1204 3880 Nabumum

94 3926 150 3973 iure
174 3931 327 3974 statuuntur.
363 3923 438 3984 Quod
456 3939 472 3972 a
490 3919 628 3974 Chaldaeis
653 3929 809 3973 everteretur
826 3922 924 3982 Ninus,
947 3919 1050 3984 gravius
1074 3921 1129 3968 erat
1147 3929 1205 3978 pro-

95 4009 231 4073 phetarum
254 3996 349 4069 menti,
371 4009 493 4072 quoniam
518 4008 653 4059 destructis
676 4008 792 4070 Assyriis
816 4020 940 4062 summam
964 4005 1002 4052 illi
1026 4003 1092 4052 inter
1115 4005 1205 4063 gentes

95 4094 237 4156 potentiam
262 4094 371 4142 assecuti
395 4101 461 4142 sunt.
496 4091 632 4141 Medorum
657 4107 736 4157 opera
759 4094 787 4141 iu
809 4092 837 4143 ll.
850 4106 883 4141 ss.
908 4103 959 4140 nou
983 4091 1206 4145 commemoratur,

96 4191 185 4226 verum
204 4193 218 4226 c
236 4186 351 4228 vetemm
369 4179 469 4241 scriptis
487 4177 655 4240 cognoscitur.
674 4194 697 4227 v.
707 4169 793 4227 iufra.

150 4259 176 4322 3)
193 4262 245 4312 cfr.
264 4263 369 4312 Eusmu
386 4261 473 4312 cbrcu.
491 4275 555 4312 arm.
573 4259 610 4324 (4)
629 4279 653 4327 p.
666 4264 708 4314 44.

152 4345 179 4407 4)
195 4346 250 4396 cir.
268 4347 363 4396 ibidem
380 4364 405 4412 p.
419 4349 459 4396 54.
