2918 5098
510 318 582 379 cu.
597 320 657 392 111,
676 337 706 378 v.
723 328 762 380 n.
1115 322 1185 392 115
1295 302 1301 312 '

71 506 178 563 bare.“
194 502 254 578 Qui
267 503 306 562 ad
320 503 545 562 sustentandam
562 506 738 564 sententiam
757 523 842 566 suam
855 507 1067 585 Xenophontis
1083 509 1188 573 laudat

72 607 183 678 verba,
213 596 390 664 attatum
411 602 519 679 τεῖχος
540 606 691 665 ruinarum
712 606 934 683 Mespilensinm
953 628 1187 672 commemoran-

72 706 113 766 tis
126 707 227 764 Anab.
240 705 348 777 111,4,
364 709 416 778 11,
431 704 462 764 in
480 707 588 782 quibus
604 707 805 768 testimonium
829 709 926 770 inesse
945 720 1030 771 vetus
1045 729 1083 770 uo
1094 731 1186 790 grave

72 808 110 867 ad
131 807 280 867 firmanda
295 807 460 882 prophetae
483 809 575 868 verba
597 817 758 868 asseverat.
784 810 887 887 Atque
912 812 970 870 hoo
991 812 1110 888 quidem
1132 833 1186 872 no·

72 909 157 968 mine
173 925 421 984 magnopere-vv.
440 908 489 967 dd.
508 909 703 982 assentimur3
727 921 895 970 aoouratam
916 921 1016 972 autem
1031 913 1091 972 loui
1108 914 1186 973 noti-

73 1010 166 1082 tiam,
190 1027 267 1085 quoe
284 1008 430 1085 Assyriae
441 1009 572 1068 incolam
586 1011 682 1083 oleat,
698 1011 773 1070 adeo
785 1017 910 1089 arguere
924 1014 1091 1090 nequimus,
1110 1005 1191 1092 qno·'

73 1111 159 1170 niam
180 1109 324 1170 lateribus
346 1109 456 1168 alieubi
478 1111 569 1170 etiam
593 1111 769 1170 aedilioandi
791 1131 856 1172 mos
874 1112 1025 1172 invenitur
1033 1114 1051 1173 ¹.
1078 1113 1186 1194 Neque
1275 1119 1278 1126 ⁴

73 1212 156 1270 enim
185 1211 242 1270 nisi
268 1211 308 1268 de
331 1210 515 1286 simplicibus
539 1212 687 1272 ,luteribus
716 1213 900 1274 fabricandis
932 1214 1064 1274 Nahumi
1094 1218 1186 1276 verba

73 1321 185 1389 agunt3
208 1311 262 1372 vix
279 1311 369 1388 igitur
386 1312 444 1370 huo
461 1313 566 1372 referri
582 1321 739 1390 poterunt,
761 1333 838 1392 quae
855 1314 1010 1376 R1ou1us²
1026 1317 1063 1374 de
1086 1317 1186 1393 singu*

72 1413 133 1472 iuri
157 1413 285 1490 quadum
302 1413 435 1489 lapidum
452 1413 550 1490 speeie
567 1414 704 1488 tradidit,
729 1435 806 1493 quae
831 1417 861 1474 in
878 1418 1078 1476 monumentis
1095 1418 1186 1478 inter-

73 1515 147 1574 dum
165 1514 367 1590 reperiuntur,
385 1522 415 1573 et
431 1514 578 1591 hodieque
594 1515 721 1576 Mossuli
737 1525 952 1592 praeparentur
968 1523 1059 1594 atque
1073 1519 1186 1578 usiten-

73 1624 133 1674 tur.
154 1614 267 1674 -Reisrt
284 1614 363 1680 enim
378 1633 480 1676 muros
497 1615 577 1676 haud
593 1633 663 1674 raro
679 1616 804 1692 reperiri
828 1617 966 1689 „formed
989 1618 1025 1675 of
1045 1618 1094 1676 the
1115 1620 1185 1677 rub-

73 1717 146 1776 bish
171 1715 205 1774 of
224 1716 274 1774 the
297 1723 432 1793 country,
455 1716 526 1778 well
550 1717 682 1776 rammed
706 1717 795 1774 down
818 1717 891 1776 with
912 1737 934 1776 a
950 1717 1035 1776 wash
1058 1718 1094 1774 of
1116 1718 1186 1777 lime

2 1829 3 1842 ¹
71 1816 192 1894 poured
208 1835 290 1892 upon
305 1817 348 1889 it,
371 1817 469 1876 whiuh
490 1818 521 1876 in
539 1836 558 1876 e
574 1818 659 1877 short
675 1818 748 1876 time
763 1817 865 1876 would
883 1818 1072 1878 eonvertthe
1086 1819 1186 1878 whole

2 1991 3 2002 ἵ
72 1919 141 1976 into
159 1937 178 1976 a
195 1918 274 1976 solid
290 1935 381 1978 mass.
418 1920 462 1976 At
482 1918 533 1978 the
549 1926 669 1994 present
685 1920 746 1996 day
763 1919 812 1978 the
829 1917 945 1979 nadves
962 1919 1026 1978 mix
1051 1919 1185 1996 pebbles,

2 2009 3 2084 ff
72 2019 147 2078 lime
163 2019 222 2078 and
240 2019 292 2077 red
310 2019 395 2078 earth
412 2037 448 2077 or
464 2019 532 2097 olay
549 2021 699 2097 together,
717 2020 778 2078 and
796 2021 873 2080 after
886 2021 1036 2096 exposuri
1048 2030 1081 2080 to
1092 2029 1188 2080 water

2 2177 3 2182 ,
73 2121 149 2198 they
167 2120 289 2178 beoorne
303 2120 366 2180 like
382 2121 433 2179 the
450 2120 527 2180 solid
543 2121 650 2180 rook.“
686 2121 754 2196 Quo
771 2121 802 2179 in
822 2140 929 2198 genere
951 2122 1078 2197 primum
1097 2122 1188 2183 statui

2 2247 3 2268 2
73 2241 138 2282 non
157 2221 230 2282 sutis
247 2229 363 2297 potest,
387 2233 486 2280 utrum
502 2221 637 2282 Rronrus
653 2224 747 2280 verbo
765 2223 878 2295 „lims“
902 2221 1012 2282 caluam
1034 2241 1075 2282 an
1092 2223 1187 2284 lutum

1 2371 3 2405 ,
73 2322 244 2394 notaverim
269 2329 331 2381 tum
355 2340 427 2382 vero
453 2323 525 2384 haue
549 2322 674 2380 materia
698 2323 901 2382 conformatur
924 2321 1066 2382 abhibitis
1088 2324 1186 2400 aquis,

2 2469 3 2482 ,
73 2423 236 2484 Nahumus
248 2432 347 2482 autem
363 2422 467 2482 laudat
483 2423 644 2482 fornacem.
672 2422 772 2497 Quare
789 2423 927 2482 subtilem
945 2421 1003 2481 looi
1022 2432 1051 2482 et
1063 2432 1188 2484 nabutae

76 2525 280 2602 cognitionem
297 2525 377 2585 hisee
393 2525 558 2602 prophetae
575 2524 674 2583 verbis
691 2523 881 2600 comprobari
891 2541 953 2582 non
964 2523 1186 2596 existimamur

74 2626 168 2703 longe
186 2625 263 2684 enim
280 2626 341 2685 aliu
358 2635 437 2686 esset
453 2625 605 2704 quaestio,
630 2623 658 2684 si
679 2625 758 2683 forte
779 2625 896 2702 lapides
921 2623 1000 2684 oaesi
1024 2642 1091 2682 oum
1116 2641 1187 2682 oon·

75 2729 142 2788 obis
170 2735 201 2786 et
227 2727 397 2803 petrefontis
428 2726 651 2786 oommernorati
680 2735 794 2800 essent,
824 2726 876 2804 qni
898 2725 957 2784 nisi
981 2725 1013 2782 in
1035 2725 1188 2784 montibus

74 2828 161 2889 Nino
179 2828 283 2888 vioinis
301 2847 362 2888 non
378 2829 567 2905 reperiuntur
574 2826 595 2886 ³.

124 2929 195 2990 His·
208 2929 299 3007 igitur
323 2929 422 2990 verbis
444 2930 557 2988 ironioe
579 2929 795 3006 oompellantur
811 2925 949 3005 Assyrii,
974 2934 1008 2984 nt
1031 2925 1189 2986 obsidione

76 3031 252 3106 propediem
267 3031 413 3104 instante,
430 3031 566 3094 reficiunt
581 3031 715 3103 moenia,
744 3039 836 3108 atque
851 3028 927 3088 adeo
945 3027 1089 3087 luteribus
1106 3045 1187 3086 oom-

75 3132 225 3208 parantis
238 3151 361 3209 operam
378 3129 464 3205 dent3
482 3133 560 3192 male
576 3133 668 3210 igitur
685 3131 843 3194 Guormsr
870 3129 989 3205 „captis
1013 3128 1075 3187 iam
1091 3128 1189 3205 portis

75 3233 229 3311 aliquibus
246 3233 344 3311 recipe
361 3241 390 3292 te
407 3233 486 3293 intra
502 3253 582 3293 nova
599 3233 780 3293 munimenta
797 3253 813 3292 e
830 3233 939 3303 latere,
957 3230 1086 3289 ascende
1099 3248 1188 3306 super

75 3333 147 3407 illa,
172 3333 265 3392 stibi
288 3333 411 3394 defende
434 3343 577 3412 quantum
599 3338 708 3409 potes“
734 3368 769 3376 —
794 3353 849 3392 neo
872 3331 976 3390 melius
995 3329 1189 3388 montanos

75 3435 151 3494 haee
168 3435 207 3494 ad
224 3435 396 3496 reficiendos
413 3451 515 3496 muros
533 3430 728 3495 inundatione
744 3434 797 3493 illa
814 3434 858 3509 (Ι,
876 3434 908 3510 8)
930 3431 1097 3507 patefactos
1114 3430 1189 3492 refe·

76 3536 170 3594 rende
188 3536 326 3612 opinatus
345 3547 398 3596 est.

130 3811 157 3872 1)
174 3803 227 3862 cfr.
251 3810 353 3863 Wlnuru
375 3809 441 3864 RW.
460 3827 480 3863 s.
499 3827 523 3864 v.
541 3811 636 3878 Ziegel.
664 3805 823 3864 Hauosruua.
847 3809 889 3860 die
910 3807 1012 3860 Bhoher
1033 3808 1115 3859 Mosis
1138 3806 1192 3857 und

78 3897 313 4044 3⁰2³&ssqu
330 3981 371 4044 11,
390 3981 431 4033 65.
450 3983 496 4033 ofr.
514 3980 618 4032 mmm
634 3979 777 4031 Erdknndo
793 3979 850 4041 XI,
867 3995 892 4044 p.
903 3977 961 4029 229.
974 3977 1034 4028 244.
1056 3975 1119 4026 Bon.
1132 3989 1156 4039 p.
1166 3974 1190 4023 b.

130 4065 157 4123 3)
176 4065 231 4140 Cir,
247 4065 341 4117 Bur-rur
358 4065 375 4115 l.
388 4066 405 4116 1.
422 4082 448 4131 p.
462 4068 518 4117 1⁷5.
561 4066 640 4116 Tuus.
659 4065 676 4114 l.
689 4067 706 4115 l.
726 4081 750 4128 p.
761 4065 803 4114 42.
