2966 5090
269 273 357 316 ιιιιιιι
601 252 848 308 Paonaconnna
875 244 950 304 (lna
968 245 1024 302 111.

273 439 356 498 sibus
379 434 560 506 absolvitur3
589 427 806 509 prima-autem
830 431 968 507 stropha,
997 441 1057 507 qua
1080 427 1231 496 tremenda
1251 425 1358 482 Domini

272 515 412 598 indicium
430 534 621 612 exsequentis
640 533 754 610 speeies
776 532 983 604 adumbratur,
1008 529 1151 606 bipartita
1170 527 1303 601 deinceps
1312 525 1361 582 ha·

273 640 325 698 bet
342 655 480 696 versuum
497 636 645 706 membra,
669 634 786 692 duobus
804 633 852 692 vel
877 631 972 691 tribus
989 639 1153 709 quatuorve
1170 627 1269 686 verbis
1292 633 1360 682 certo

275 733 403 817 quodam
422 735 525 794 ordine
543 733 724 809 composita;
743 733 837 791 altera
854 741 951 791 antem
968 732 1107 807 stropha,
1126 747 1203 807 quae
1216 726 1365 786 bonitatem

276 839 323 896 dei
341 845 371 895 et
388 835 571 895 clementiam
589 833 686 904 addit,
711 851 771 910 qna
795 851 850 908 per
875 832 1003 891 hostium
1020 831 1171 908 interitum
1189 847 1241 887 eoa
1262 825 1367 884 redimit

276 947 366 1015 atque
382 937 497 1005 salvat,
516 933 567 1009 qui
585 934 612 991 ei
629 933 796 1013 confidunt,
814 933 902 1009 longe
913 933 1059 991 diversam
1074 931 1196 988 exhibet
1207 928 1368 1004 imaginem:

277 1057 361 1108 nam,
380 1035 467 1112 quasi
483 1023 596 1092 effusus
613 1033 760 1092 undarum
778 1051 882 1093 cursus
900 1032 1087 1104 cohibeatur,
1112 1015 1370 1089 alterum'tantum·
1423 1015 1426 1084 l

277 1135 366 1195 modo
384 1127 528 1210 cuiusque
544 1133 648 1212 versus
666 1135 829 1193 membrum
847 1152 870 1192 s.
889 1131 1010 1208 Sakaph
1027 1131 1168 1207 partitum
1192 1138 1255 1202 est,
1278 1135 1307 1186 et
1327 1134 1372 1184 nu·
1426 1108 1427 1174 i

277 1253 375 1294 merus
398 1233 486 1306 etiam
510 1221 668 1293 verborum
690 1235 788 1292 minor
813 1240 875 1306 cit,
906 1241 1031 1308 excepto
1062 1231 1113 1288 9¹¹⁰
1141 1249 1248 1301 versu,
1271 1227 1321 1305 qui
1341 1225 1374 1284 ad
1427 1196 1428 1258 i

277 1334 387 1412 prioris
404 1333 568 1410 particulae
584 1343 721 1412 naturam
740 1333 834 1411 vergit
843 1333 860 1391 ¹.
879 1365 916 1376 —
934 1335 976 1392 At
995 1351 1080 1405 vero,
1104 1331 1174 1390 licet
1191 1326 1334 1389 eiusmodi
1349 1326 1382 1382 in·
1429 1374 1430 1440 p

278 1434 402 1494 dicendo
421 1453 470 1494 ars
488 1435 568 1493 haud
585 1435 685 1495 multis
702 1436 913 1510 prophetarum
932 1433 1077 1510 exemplis
1097 1431 1235 1491 videatur
1252 1427 1375 1506 aequari,
1430 1462 1431 1520 p

278 1519 400 1594 nimium
411 1544 509 1594 tamen
523 1535 662 1594 viderunt
674 1535 863 1612 maximeque
877 1543 1012 1593 errarunt
1023 1534 1208 1604 Lownmns,
1225 1524 1377 1618 Gnnvms¹
1431 1550 1432 1600 ι

279 1636 347 1709 alh,
371 1637 424 1715 qui
447 1637 610 1712 perfectam
634 1635 772 1694 carminis
790 1636 936 1694 rationem
953 1634 1090 1711 indagari
1113 1650 1203 1709 posse
1228 1617 1377 1690 contende·
1432 1638 1433 1688 l

204 1782 207 1788 .
279 1746 361 1809 runt3
386 1737 492 1813 quiin
525 1736 714 1795 diiudicanda
740 1735 872 1794 vaticinii
896 1735 994 1793 forma
1017 1735 1121 1808 eodem
1146 1732 1218 1792 vitio
1237 1732 1379 1798 laborant,
1433 1726 1434 1766 t

280 1855 341 1910 quo
359 1853 462 1894 omues
478 1836 540 1892 fere
556 1835 769 1910 prophetarum
786 1836 978 1909 interpretes,
997 1821 1049 1911 qui
1061 1841 1188 1893 exeunte
1205 1851 1229 1890 s.
1247 1826 1380 1890 xV111'0
1434 1816 1435 1860 i

280 1933 472 2008 scripserunt,
491 1935 529 1990 ab
543 1933 651 1990 idonea
665 1934 830 2008 argumenti
848 1933 1053 1992 aestimatione
1070 1915 1204 2009 impediti
1227 1938 1328 1990 erant:
1352 1945 1382 1986 eo

279 2050 398 2106 nempe,
425 2031 506 2106 quod
529 2031 655 2106 propria
677 2040 706 2088 et
730 2031 873 2107 peculiari
890 2031 1037 2090 visionum
1064 2032 1304 2107 et'propheticae
1323 2047 1382 2107 ora·

280 2129 370 2188 tionis
393 2137 500 2187 natura
524 2130 658 2205 neglecta
681 2130 720 2188 ad
743 2131 904 2188 carminum
927 2115 1073 2206 rationem
1096 2132 1281 2204 referebant,
1310 2147 1383 2208 'quae

280 2231 321 2289 ab¹
337 2228 470 2287 oratorio
489 2228 603 2286 dicendi
620 2245 726 2303 genere
749 2230 955 2303 suspendenda
979 2240 1057 2290 sunt.
1079 2231 1167 2288 Licet
1185 2229 1263 2288 enim
1288 2248 1384 2289 nume·

281 2348 333 2388 rus
363 2338 393 2388 et
422 2329 580 2409 rhythmus
598 2329 750 2405 multaque
766 2328 826 2387 alia
844 2333 1011 2394 communia
1028 2332 1088 2391 sint
1104 2331 1189 2407 poesi
1211 2337 1304 2407 atque
1322 2349 1385 2407 pro·

267 2430 417 2508 photiae,
440 2416 538 2488 tamen
562 2439 747 2508 quantopere
764 2449 782 2488 a
800 2428 962 2487 carminum
980 2431 1084 2490 habitu
1101 2439 1131 2489 et
1147 2431 1245 2489 forma
1262 2432 1384 2514 prophe·

283 2531 344 2590 tica
366 2530 456 2590 distet
480 2530 592 2604 oratio,
624 2530 855 2591 luculentissime
886 2531 1043 2589 ostendunt
1072 2540 1212 2606 poemata
1241 2530 1385 2590 vaticiniis

282 2632 410 2704 inserta,
428 2631 519 2691 veluti
536 2632 601 2690 Ion.
621 2651 645 2690 c.
660 2632 698 2689 11.
727 2632 785 2690 Ies.
804 2649 829 2688 c.
844 2630 1023 2689 XXXVHI.
1049 2631 1129 2690 Hab.
1147 2650 1171 2689 o.
1184 2630 1239 2688 111.

334 2730 472 2790 (laterum
497 2732 637 2790 universa
665 2731 840 2788 evertendae
862 2729 937 2787 Nini
963 2731 1141 2806 descriptio,
1171 2731 1290 2790 etiamsi
1318 2731 1385 2788 adeo

284 2838 390 2890 ornata
414 2831 454 2888 eit
477 2839 567 2904 atque
589 2830 629 2886 ad
652 2827 752 2884 vivum
777 2845 934 2902 expressa,
966 2837 1000 2886 nt
1020 2830 1170 2906 ingentem
1193 2830 1309 2898 cladem
1329 2845 1384 2886 non

284 2930 381 2988 solum
404 2945 523 2984 cernere
545 2927 638 2984 oculis
663 2943 765 2982 verum
788 2943 894 2985 raucos
918 2927 1007 2986 etiarn
1032 2929 1189 3006 plagarum
1214 2932 1386 2990 inflictarum

285 3035 314 3084 et
331 3042 480 3084 armorum
498 3041 709 3082 concussorem
728 3024 882 3102 clangores
900 3026 1022 3088 auribus
1045 3031 1133 3090 nobis
1150 3019 1305 3101 videamur
1326 3047 1386 3106 per-

284 3125 382 3200 cipere
389 3123 409 3197 ³,
433 3133 532 3212 tamen
550 3123 639 3180 habet
656 3122 743 3181 simul
762 3135 905 3184 secretum
924 3128 1037 3210 aliquid
1054 3139 1144 3208 atquc
1161 3133 1337 3191 obscurum:
1360 3126 1387 3185 id

336 3337 362 3398 1)
381 3335 434 3387 Gfr.
452 3349 477 3398 p.
490 3333 530 3381 22.
549 3333 590 3382 23.
625 3351 626 3356 ¹
1164 3391 1166 3396 ,

336 3421 362 3480 a)
379 3420 515 3469 nowrnns
533 3416 550 3466 ι.
562 3416 579 3466 ι.
599 3411 741 3468 asseverat:
768 3421 850 3482 „aare
868 3423 938 3485 quon
961 3425 1016 3473 anna
1040 3408 1188 3474 vincutum
1202 3425 1341 3488 ,integram
1362 3436 1388 3472 a

284 3506 379 3553 iustum
395 3509 436 3552 eat
452 3497 560 3567 poema}
579 3504 714 3552 exordium
725 3506 888 3569 magnificum
901 3514 940 3556 eat
952 3514 978 3556 et
990 3509 1066 3572 plane
1079 3516 1227 3572 augustum,
1239 3507 1287 3558 ct.“
1314 3508 1388 3558 Plura

285 3587 361 3636 etiam
384 3601 464 3650 eaque
488 3589 551 3637 satis
575 3588 715 3651 singularia
737 3591 803 3640 vidit
826 3589 952 3652 Gnavnos,
976 3593 1020 3654 qui
1037 3591 1137 3654 (comm.
1155 3608 1180 3657 p.
1193 3591 1237 3652 30)
1257 3591 1388 3641 exordium

285 3685 317 3720 ex
333 3672 449 3722 versibus
466 3673 582 3723 iambicis
610 3673 726 3723 dimetria
757 3675 928 3724 acatalectiois
946 3681 971 3723 et
989 3675 1142 3726 catalecticis
1160 3677 1305 3726 alternatim
1324 3691 1388 3727 com·

284 3756 395 3819 positum
413 3771 470 3806 esse
486 3758 629 3820 existimem
653 3760 769 3808 carmina
786 3765 871 3808 autem
889 3758 955 3820 duo,
977 3773 1044 3822 quae
1065 3767 1201 3824 praeterea
1222 3763 1249 3810 iu
1270 3761 1388 3812 vaticinio

285 3837 454 3890 discernenda
470 3839 558 3901 docet,
581 3842 703 3891 trimetris
727 3843 844 3892 iambicis
862 3845 1005 3907 composita
1021 3858 1085 3893 esse.
1119 3845 1217 3895 Versus
1243 3852 1343 3908 autem,
1364 3845 1388 3892 in

284 3923 375 3985 quibus
393 3921 544 3973 definiendis
561 3923 638 3986 longe
660 3926 756 3976 recedit
779 3941 795 3974 a
819 3928 957 3990 partitione
974 3928 1160 3992 Masorethica‚
1184 3930 1323 3981 secundum
1340 3937 1388 3979 tra·

284 4012 379 4056 matum
398 4021 472 4054 suum
490 4005 522 4056 de
540 4010 652 4058 numeris
670 4002 846 4060 Hebraeorum
866 4011 972 4075 poeticis
991 4012 1102 4074 editum,
1119 4021 1148 4063 ut
1165 4017 1325 4079 praestitutis
1339 4029 1388 4064 me·

285 4090 331 4138 tris
348 4091 399 4140 illis
417 4087 565 4153 adaptaret,
586 4107 638 4141 nou
656 4095 758 4144 vocales
777 4101 876 4144 tantum
894 4096 1031 4158 verborum
1049 4111 1136 4148 verum
1153 4101 1211 4164 ipsa
1228 4100 1308 4150 verba
1326 4099 1388 4148 adeo

284 4172 441 4234 immutavit,
459 4174 502 4224 vix
519 4181 549 4224 ut
565 4176 694 4227 interdum
712 4179 827 4229 Nahumi
847 4179 969 4230 vaticinia
986 4188 1012 4230 tc
1030 4182 1115 4246 legere
1133 4185 1252 4248 opineris.

336 4255 702 4323 aeffimmeh
1002 4259 1005 4264 ’
