2966 5090
199 264 208 277 ι
304 307 327 376 6
754 313 828 376 One.
841 281 872 386 1}
890 332 918 372 v.
934 318 958 370 1.

302 496 394 556 verbo
410 510 485 558 nura
505 495 617 570 inesse,
643 517 699 556 nec
716 498 790 560 satis
807 497 906 560 valere
929 516 1047 571 eorum,
1073 497 1126 574 qui
1153 516 1218 557 eam
1241 498 1395 570 defendunt,

301 605 476 674 argumenta
498 597 696 671 ostendimus,
723 600 860 660 addenda
881 598 1025 660 nonnulla
1050 599 1113 671 vel,
1145 617 1183 660 ne
1205 599 1349 676 longiores
1370 599 1396 658 iu

301 698 358 758 hae
374 698 550 776 quaestione
566 699 675 772 simus,
692 699 877 778 indigitanda
894 701 994 778 potius
1012 698 1165 772 videntur,
1183 699 1290 778 quibus
1306 707 1396 760 nostra

301 807 404 876 aperte
425 799 613 860 confirmetur
634 802 788 862 sententia.
829 800 1003 864 Cuiusmodi
1025 800 1177 860 afferimus
1195 799 1283 862 Such.
1296 800 1353 872 IX,
1371 805 1395 856 l:

302 915 399 966 tumn
426 913 531 975 putuit
556 915 636 974 quun
665 913 748 976 rra:
769 903 799 962 'rt
820 919 877 964 unt
900 903 946 976 ὀ,
975 917 1044 962 outa
1069 901 1154 962 verbi
1176 901 1298 961 Domini
1320 919 1397 976 super

301 1007 411 1066 terram
432 998 593 1073 Hadrach,
621 1008 652 1060 et
673 999 841 1066 Damascus
867 1007 975 1080 reputes
1006 1005 1081 1070 etuas
1115 1021 1206 1080 quam
1236 1010 1334 1079 aperte
1356 999 1397 1060 hic

303 1100 500 1178 significatur,
523 1100 781 1176 praedictoruma
803 1103 859 1162 deo
884 1121 1005 1164 casuum
1023 1121 1099 1163 onus
1122 1103 1236 1181 ingenti
1254 1123 1317 1165 cum
1332 1119 1396 1178 pon·

301 1201 370 1266 dere
396 1200 564 1262 incumbere
588 1201 619 1259 in
643 1209 753 1264 terram
775 1201 935 1278 Hadrach,
966 1198 995 1264 et
1022 1203 1166 1265 recubare
1191 1204 1224 1264 in
1249 1203 1396 1273 Damasco,
1447 1211 1448 1228 ¹

301 1317 433 1377 premere
449 1299 651 1362 Damascum?
684 1303 802 1364 Deinde
816 1304 875 1366 Ios.
889 1303 959 1379 XV,
979 1310 1018 1370 le
1036 1305 1111 1366 'rute
1132 1299 1203 1368 'rata
1225 1319 1259 1364 r:
1281 1317 1355 1368 :utu
1373 1301 1397 1362 'u

300 1401 448 1478 particula
459 1419 492 1464 ³³
506 1402 620 1464 inducit
635 1421 789 1478 caussam,
807 1421 846 1464 ex
863 1425 924 1482 qua
940 1424 1015 1466 onus
1032 1404 1149 1466 dicatur
1160 1404 1313 1467 imminere
1325 1402 1397 1460 Mon·

300 1501 373 1562 bitis
378 1523 387 1575 ;
413 1502 465 1581 qui
480 1503 562 1580 apud
579 1503 702 1564 alteram
720 1503 803 1564 effati
820 1515 973 1566 remanent
989 1505 1254 1584 significationem,
1280 1504 1396 1564 affirma

301 1603 393 1666 tivum
417 1613 596 1680 potestatem
619 1605 781 1664 obtrudunt
796 1607 975 1683 particulae,
1002 1625 1092 1686 quam
1108 1626 1272 1685 numquam
1289 1603 1397 1664 omnino

301 1705 392 1765 habet
407 1724 462 1766 nec
479 1725 517 1768 ex
534 1705 614 1766 omui
631 1706 747 1767 ratione
764 1725 820 1768 sua
835 1708 945 1770 babere
960 1717 1069 1786 potest.
1108 1707 1153 1768 Ut
1168 1708 1248 1767 enim
1265 1705 1357 1767 medio
1372 1702 1397 1760 in

299 1823 461 1883 progressu
479 1825 621 1884 nexuque
647 1807 858 1868 sententiarum
882 1818 987 1872 notare
1008 1808 1106 1886 possit
1130 1807 1293 1887 aliquando
1318 1821 1397 1880 „pro

300 1905 396 1978 fecto,
421 1911 557 1979 revera“,
586 1905 674 1968 initio
697 1917 798 1969 tumen
825 1909 1054 1984 enuntiationis,
1080 1909 1235 1988 multoque
1258 1905 1352 1984 magis
1372 1903 1397 1960 511

300 2005 409 2082 integri
432 2005 540 2082 ospitis
564 2007 707 2082 exordio,
737 2010 798 2070 tale
823 2010 895 2089 quid
925 2010 1042 2072 admitti
1072 2010 1155 2070 nullo
1185 2009 1277 2070 modo
1301 2014 1396 2084 potest.

300 2105 401 2182 (Quos
417 2105 484 2168 tw.
502 2107 628 2184 §biom
650 2108 819 2172 huiusmodi
835 2111 939 2172 laudat
962 2111 1061 2184 locos,
1084 2110 1160 2170 nihil
1175 2111 1236 2170 hue
1251 2108 1397 2187 pertinent,

300 2207 373 2285 quia
394 2206 426 2268 in
452 2208 549 2270 modia
570 2210 784 2270 cantandarum
808 2213 894 2290 quasi
921 2219 1026 2270 catena
1042 2210 1185 2274 exhibent
1206 2206 1397 2287 particulam.)

299 2307 397 2368 Porro
414 2308 471 2370 Ies.
485 2309 565 2370 XXI
585 2318 657 2392 post
679 2311 797 2372 titulum
814 2327 942 2374 namura
964 2313 993 2375 'u
1022 2311 1168 2374 secundus
1184 2309 1288 2372 statim
1305 2304 1397 2383 incipit

299 2425 420 2474 versus:
445 2410 542 2474 vuum
559 2430 651 2490 grave
673 2421 704 2472 et
719 2413 862 2474 horribile
887 2413 968 2474 dictu
985 2412 1152 2477 mmtiatum
1168 2411 1243 2472 mihi
1268 2419 1329 2482 est;
1352 2405 1394 2465 cfr.

300 2507 389 2572 etiam
406 2509 437 2574 'a
459 2533 487 2571 v.
501 2517 533 2574 le
550 2533 616 2574 cum
630 2534 658 2574 v.
675 2518 721 2575 162
751 2509 859 2576 menbra
882 2533 942 2578 rs:
964 2531 1047 2578 rrum
1085 2513 1226 2593 Denique
1242 2513 1299 2574 les.
1313 2505 1394 2568 XXII

300 2611 338 2673 ad
357 2615 387 2677 'e
408 2632 437 2674 v.
453 2619 466 2672 1
484 2615 661 2693 inscriptum
678 2614 756 2676 redit
773 2635 801 2674 v.
815 2618 866 2676 25:
893 2625 946 2678 'err
968 2631 1059 2682 murt
1083 2610 1172 2680 auen

348 2711 506 2776 Postremo
519 2735 535 2774 e
547 2717 664 2776 duobus
681 2716 742 2776 illis
753 2716 986 2778 Proverbiorum
1003 2715 1093 2789 locis,
1111 2713 1219 2787 XXX,
1235 2717 1267 2785 l,
1284 2706 1392 2776 XXXI,

300 2818 332 2886 l,
351 2831 420 2872 vere
438 2817 520 2893 quod
536 2816 621 2876 aiunt
637 2816 832 2890 interpretum
849 2815 1001 2888 crucibus,
1023 2815 1095 2874 licet
1117 2814 1287 2876 inaccessae
1302 2825 1394 2868 eorum
1449 2817 1450 2828 ¹

298 2913 487 2976 difficultates
513 2915 662 2975 tolerabili
683 2913 801 2974 ratione
823 2915 955 2972 nondum
980 2915 1150 2977 enucleatae
1175 2916 1237 2976 sint
1248 2914 1266 2986 ¹,
1290 2915 1394 2970 tantum

298 3021 397 3072 tamen
413 3024 516 3088 patere
530 3015 664 3086 ridetur,
682 3013 781 3074 oneris
796 3014 949 3074 notionem
966 3015 998 3072 in
1010 3014 1183 3082 universum
1201 3032 1301 3076 eorum
1316 3025 1394 3084 argu·

297 3119 427 3172 mentum
450 3115 580 3174 maxime
603 3114 767 3191 quadrare,
795 3133 860 3174 oum
883 3115 958 3176 satis
981 3115 1075 3175 multa
1097 3117 1229 3180 habeant
1250 3112 1350 3192 gravia
1369 3113 1394 3166 et

297 3230 441 3287 ouerosa;
471 3233 531 3291 quo
555 3215 684 3289 accedit,
715 3215 797 3293 quod
826 3217 858 3276 in
882 3217 977 3279 altero
1007 3217 1094 3278 titulo
1118 3218 1248 3290 XXXI,
1276 3220 1288 3274 l
1313 3209 1395 3271 verbe

297 3329 355 3381 itit<
377 3329 555 3380 lanuvium
577 3332 668 3390 amu,
701 3335 815 3391 „ouus,
840 3301 906 3396 'quo
930 3319 1090 3396 castigavit
1114 3339 1182 3380 eum
1206 3325 1298 3378 mater
1319 3309 1393 3372 eiue“

297 3416 371 3476 satis
387 3415 516 3478 dilucide
532 3425 665 3479 nostram
682 3416 842 3494 indigitare
858 3419 1088 3496 explicationem
1105 3420 1223 3486 debent.
1242 3451 1278 3462 ·-

346 3517 404 3576 Est
420 3524 519 3577 autem
537 3537 611 3578 onus
628 3518 718 3592 illud,
737 3521 818 3596 quod
836 3520 989 3582 imminere
1006 3529 1089 3582 vates
1107 3521 1199 3595 vidit,
1224 3535 1292 3580 oute
1309 3511 1392 3574 Ntm
1447 3505 1450 3572 i

296 3617 372 3678 solet
395 3617 473 3678 enirn
496 3618 644 3696 genitivus
663 3620 729 3680 voci
746 3621 776 3680 'rs
797 3622 930 3682 adiectus
953 3630 1058 3684 notare
1080 3641 1162 3696 eum,
1187 3621 1270 3682 curius
1296 3607 1393 3676 cerviti

295 3718 439 3798 ingeritur
455 3738 548 3794 ouus3
575 3718 663 3784 Such.
677 3721 741 3795 IX,
762 3727 796 3795 15
811 3723 890 3796 XII,
911 3729 941 3798 13
958 3723 1030 3782 Mal.
1044 3723 1076 3796 l,
1096 3729 1108 3780 1
1127 3726 1251 3784 verbum
1268 3715 1393 3790 designat

295 3821 422 3895 domini,
447 3821 527 3899 qnod
545 3821 628 3884 oneri
645 3829 700 3882 est.
734 3823 782 3884 De
798 3822 881 3884 Nino
900 3824 971 3884 urbe
995 3823 1026 3882 in
1050 3823 1138 3900 proll.
1158 3823 1249 3888 verba
1271 3817 1392 3878 fecimus·

347 4100 373 4160 1>
389 4101 429 4148 Ex
452 4100 498 4160 iis,
527 4100 570 4163 qui
593 4101 732 4154 novissime
755 4103 867 4153 examini
896 4101 1057 4152 subiecerunt
1083 4101 1167 4166 locos,
1191 4105 1249 4168 post
1270 4096 1391 4145 eunoun

295 4177 464 4244 (Jahrbiicher
486 4183 533 4233 der
549 4183 611 4234 bibl.
625 4185 704 4236 Wiss.
729 4188 811 4248 1848,
828 4203 853 4251 p.
866 4189 915 4236 108
929 4185 973 4248 ss.)
995 4188 1091 4252 optime
1114 4189 1219 4238 meritus
1241 4187 1279 4233 ost
1296 4175 1391 4226 murus

293 4269 485 4330 <Hermunduri
502 4269 607 4321 Handb.
625 4270 673 4320 der
683 4271 751 4320 Einl.
763 4271 804 4319 ins
815 4271 850 4320 A.
863 4270 894 4320 Τ.
907 4270 964 4332 III,
982 4287 1006 4335 p.
1012 4272 1068 4321 411
1082 4271 1127 4333 ss.)
1143 4265 1309 4322 masoretlrico
1326 4259 1391 4306 textu

294 4353 429 4416 diligenter
446 4353 552 4406 detento
571 4361 596 4404 et
613 4355 719 4405 Hrrrren
738 4354 896 4418 aliorumque
915 4356 1065 4411 coniecturis
1084 4362 1200 4408 accurato
1217 4344 1338 4403 refirtatis·
