2966 5090
298 307 369 349 txrv
646 293 892 351 Pnounoounun.
920 291 993 351 Cur.
1007 292 1047 351 II.

300 474 418 532 omniuo
436 474 588 548 convenit,
607 485 650 547 et,
673 475 768 534 donec
785 475 959 533 certioribus
978 474 1397 562 comprobeturssdo'cumentis,

300 573 490 632 dubitandum
508 575 572 633 erit.

267 719 268 724 η
286 722 288 726 .
349 673 506 752 Utcunque
523 684 584 748 est,
608 695 644 734 ea
662 682 739 734 certe
755 675 949 752 Assyriarum
966 695 1063 733 rerum
1082 675 1211 733 conditio
1231 677 1398 734 Assarhad-

301 776 376 834 done
392 784 534 852 regnante
550 775 641 835 fuisse
657 776 791 852 putanda
808 783 862 847 est,
877 783 908 833 ut
925 794 986 833 non
1003 775 1098 834 solum
1118 776 1269 834 tremenda
1282 775 1398 834 Iudaeis

302 884 392 948 esset,
417 895 519 934 verum
542 876 630 934 etiam
648 877 765 952 integra
781 873 928 952 appellari
945 883 1049 952 posset
1058 873 1076 932 ¹ss
1102 878 1145 933 At
1160 895 1232 934 vero
1251 876 1398 935 restitutio

300 975 442 1052 pristinae
458 975 615 1052 potestatis
632 960 690 1034 non
706 976 802 1034 solum
813 995 917 1034 manca
930 985 994 1034 erat
1006 975 1084 1051 ipsa,
1099 995 1197 1034 cuma
1213 976 1309 1035 Medis
1323 996 1398 1036 sem-

300 1097 353 1152 per
376 1075 538 1134 cavendum
560 1085 652 1150 esset,
682 1095 784 1134 verum
807 1077 895 1134 etiam
917 1076 1009 1134 robur
1032 1077 1227 1153 Assyriorum
1257 1085 1287 1135 et
1315 1077 1400 1136 nervi
1434 1105 1438 1116 ·

301 1175 402 1234 ultimo
424 1175 492 1234 loco
516 1175 624 1234 intensi
639 1177 732 1235 fuisse
747 1176 899 1248 videntur,
923 1184 1082 1252 antequam
1106 1186 1285 1236 corruerent.
1319 1161 1399 1236 N'am

301 1276 351 1353 qui
375 1276 635 1335 Assarhaddonem
659 1276 811 1351 regnando
833 1284 1012 1352 exceperunt
1034 1278 1072 1334 ab
1097 1297 1124 1335 a.
1144 1296 1169 1334 c.
1193 1281 1258 1350 668,
1284 1278 1340 1336 sub
1361 1278 1400 1336 iis

300 1394 415 1434 cessare
437 1376 496 1435 sito
513 1376 611 1452 coepit
625 1376 796 1451 imperium,
826 1376 935 1449 donec,
964 1377 1097 1436 moribus
1125 1376 1221 1453 magis
1245 1378 1401 1454 magisque

299 1476 469 1552 depravatis
490 1476 663 1554 viribusque
686 1476 856 1550 exhaustis,
880 1477 1044 1536 coniunctis
1061 1477 1214 1535 Medorum
1232 1486 1322 1554 atque
1339 1478 1400 1535 Ba-

264 1613 270 1624 ·
298 1576 487 1653 byloniorum
511 1577 604 1653 copiis
627 1578 857 1637 succumberent.
881 1579 993 1637 Earum
1018 1586 1116 1640 antem
1138 1597 1235 1636 rerum
1259 1578 1400 1637 memoria

298 1678 337 1736 ad
360 1691 496 1738 eventum
521 1678 651 1738 vaticinii
672 1679 814 1756 pertinet,
845 1687 936 1757 atque
963 1680 1037 1738 adeo
1069 1679 1171 1754 paullo
1196 1687 1268 1756 post
1295 1679 1399 1755 paucis

297 1779 353 1838 erit
370 1779 571 1839 describenda.

295 2039 412 2088 Miaraim
430 2037 480 2087 and
499 2003 597 2100 (iush,“
619 2035 923 2098 efr.Atheu.1853,No.
937 2037 1001 2086 1321
1022 2054 1047 2102 p.
1062 2041 1110 2088 228
1128 2038 1214 2100 (Febr.
1228 2040 1285 2102 19);
1304 2053 1399 2100 verum,

295 2122 355 2170 iicet
377 2135 408 2169 ea
424 2121 501 2170 lectio
518 2121 713 2184 comprobetur,
736 2121 823 2169 nescio
847 2125 934 2168 tamen
957 2134 990 2168 an
1014 2134 1060 2169 rex
1082 2123 1189 2172 nimium
1213 2123 1263 2172 sibi
1280 2124 1400 2173 iactando

186 2241 190 2249 -
295 2220 427 2268 arrogasse
444 2204 572 2269 putandus
590 2207 638 2266 sit,
661 2220 718 2253 cum
740 2204 808 2253 forte
832 2202 945 2264 aliquam
968 2202 1000 2251 de
1017 2204 1154 2270 Aegyptiis
1172 2208 1306 2257 victoriam
1330 2222 1399 2257 asse-

294 2295 366 2338 cutus
377 2288 474 2337 fuisset.
509 2288 645 2351 Utcunque
656 2295 708 2350 est,
725 2287 874 2337 Thebarum
884 2289 1044 2350 expugnatio
1057 2289 1218 2338 nullomodo
1231 2289 1290 2338 ideo
1304 2291 1400 2340 Assar·

274 2394 276 2398 ·
294 2373 408 2423 baddoni
425 2373 504 2423 tribui
520 2378 613 2437 potest.
632 2373 805 2435 cir.1nfrap
819 2371 877 2418 100.

345 2456 631 2519 1>Oerah.1,1·3.
654 2455 814 2518 11,12.13.
837 2453 892 2516 111,
911 2453 982 2504 15-
989 2456 1029 2504 17.
1052 2455 1110 2505 coll.
1128 2469 1186 2520 pag.
1200 2456 1267 2505 XVI
1280 2471 1314 2506 se
1353 2459 1397 2510 Se-

292 2543 402 2594 cundum
425 2547 648 2592 monumentorum
669 2539 766 2589 indicia
787 2535 876 2588 ΒΑΜ..
899 2552 986 2602 regem
1011 2553 1112 2588 omnem
1135 2546 1261 2588 terrarum
1287 2546 1397 2590 tractum

291 2631 359 2680 inter
384 2627 469 2677 sinum
490 2625 621 2676 Persicum
647 2631 672 2674 et
700 2639 770 2674 mare
793 2622 916 2686 Caspium
943 2629 969 2671 et
989 2621 1209 2673 Mediterraneum
1235 2625 1395 2674 interiectum

292 2716 403 2764 tenuisse
420 2718 559 2762 asseverat.
584 2711 703 2761 Ceterum
721 2709 854 2758 nonsatis
871 2706 967 2757 multae
985 2707 1068 2756 adhuc
1084 2708 1262 2772 inscriptiones
1280 2715 1395 2772 repertae

292 2806 364 2859 sunt,
390 2811 456 2861 quae
474 2795 506 2844 de
524 2796 600 2844 rebus
623 2795 655 2844 ab
679 2809 710 2843 eo
733 2793 812 2856 gestis
835 2797 927 2854 agant,
951 2791 1025 2840 sicuti
1047 2791 1080 2839 de
1097 2792 1219 2842 Manasse
1235 2790 1393 2855 Babylonem

292 2881 401 2931 abducto
419 2879 484 2928 nihil
502 2879 630 2937 hucusque
647 2877 779 2924 inventum
798 2879 844 2921 est.
880 2871 923 2920 Ad
946 2873 1060 2922 indolem
1083 2882 1169 2925 autem
1186 2875 1392 2925 Assarhaddonis
1435 2902 1438 2909 ·

292 2960 495 3028 perspiciendam
511 2960 591 3010 refert
608 2956 677 3016 quod
693 2955 792 3019 palatia
807 2959 909 3004 vetusta
920 2953 1104 3006 Nimrudensia
1121 2959 1261 3021 destruxit,
1279 2966 1304 3008 et
1321 2957 1391 3007 tabu·

291 3047 323 3095 iis
347 3043 488 3104 statuisque
509 3039 570 3088 inde
594 3037 680 3100 petitis
702 3051 764 3087 usus
788 3043 827 3087 est
850 3037 883 3086 ad
907 3038 1084 3089 exornandam
1105 3043 1216 3106 regiam,
1240 3057 1316 3106 quam
1339 3043 1391 3118 ipqe

291 3125 417 3178 Nimrude
433 3121 568 3174 meridiem
586 3127 612 3170 et
629 3120 788 3172 occidentem
805 3136 893 3172 versus
904 3122 1056 3174 aedificavit.
1073 3125 1118 3176 eir.
1130 3126 1220 3177 Rawu.
1231 3125 1300 3184 Outl.
1311 3143 1328 3190 p
1338 3126 1389 3175 xl..
