2918 5098
514 319 587 380 Cur.
602 321 663 394 ΙΙΙ,
683 343 710 380 v.
728 329 768 380 19.
1127 323 1195 394 127

85 505 241 577 nimirum3
255 506 357 582 paullo
371 507 457 566 aliter
471 505 622 564 Hrsaom:
637 525 745 581 „nemo
759 507 796 566 dc
809 508 931 568 ducibus
945 510 1071 570 inveniri
1084 521 1196 589 potest,

85 608 138 686 qui
156 617 317 685 congreget
332 627 384 668 eos
400 617 432 667 et
448 609 485 666 de
501 608 632 670 collectis
648 628 765 670 rursum
783 618 872 686 cogat
887 611 1080 670 exercitum.“
1112 614 1196 674 Has-

84 725 274 768 sunsnnoms
290 710 426 769 liberius:
444 710 516 786 „qui
531 710 687 785 sepeliat.“
704 710 794 768 LXX
807 730 868 769 non
877 712 1071 788 Assyriorum
1084 735 1194 792 regem,

85 811 140 870 seul
163 811 306 870 Israelem
330 810 512 887 appellatam
530 810 637 870 fecisse
654 812 804 883 videntur,
828 831 894 872 cum
918 814 1104 875 exhiberent:
1125 806 1196 876 avt-

84 904 210 984 σταξαν
238 901 272 971 oi
294 902 453 987 ποίμενές
474 929 550 982 σου,
579 904 739 988 βασιλεὺς
748 899 938 993 Ἀσσύριος
958 903 1094 991 ἐκόμισε
1116 910 1195 989 τοὺς

85 1002 251 1083 δυνάστας
271 1027 350 1071 σου·
373 999 502 1092 ἀπῆρεν
524 1000 543 1072 ὁ
565 1000 648 1082 λαός
669 1028 731 1071 σου
752 1004 811 1071 ἐπὶ
832 1006 874 1072 τὰ
896 999 977 1095 ὅρη,
1001 1011 1058 1074 καὶ
1075 1005 1137 1076 οὐκ
1153 1004 1195 1100 ἦν

85 1103 104 1173 ὃ
126 1103 351 1188 ἐκδεχόμενος.
387 1113 534 1170 Extrema
549 1113 642 1171 verba
657 1112 777 1172 fuerunt
795 1114 846 1190 qui
864 1115 906 1174 sic
919 1116 1102 1192 acciperent:
1120 1121 1194 1196 „qui

84 1233 137 1274 eos
154 1214 280 1290 recipiat
296 1213 327 1269 in
344 1213 527 1290 refugium,“
546 1214 598 1273 alii
615 1222 731 1287 autem,
749 1223 784 1273 ut
796 1213 949 1276 Emona
968 1218 1041 1294 „qui
1060 1238 1111 1278 eos
1124 1221 1194 1280 reti-

83 1323 155 1374 neat
181 1327 210 1373 et
238 1316 366 1392 ignavos
395 1314 519 1373 reducat
547 1315 586 1374 ad
616 1316 814 1375 resistendum
843 1317 979 1378 hostibus
990 1323 1021 1391 ,“
1051 1319 1193 1394 Onerum,

84 1417 210 1476 Tenon.
237 1415 358 1476 Rectius
376 1417 501 1482 Aemus
519 1424 549 1475 et
565 1416 790 1476 Tnaonorron:
809 1406 828 1479 ὁ
852 1408 1010 1498 συναγών.

601 1689 629 1726 v.
646 1671 686 1726 19.

133 1819 295 1878 Extremus
312 1818 445 1877 vaticinii
462 1837 566 1878 versus
584 1821 689 1878 acerbe
707 1819 939 1896 magnitudinem
952 1821 1126 1882 immensam
1141 1843 1193 1882 ex·

84 1921 154 1979 cidii
172 1920 260 1979 simul
278 1929 307 1978 et
324 1920 474 1997 nequitiae
490 1921 648 1996 proponit,
671 1939 708 1980 ne
731 1939 819 1997 quem
842 1929 944 1981 tantae
962 1922 1083 1982 ultionis
1100 1925 1193 1984 lateat

83 2039 200 2081 caussa.
234 2022 302 2078 Noa
328 2031 368 2079 eet
389 2025 527 2096 mitipatio
543 2024 696 2096 fracturae
720 2031 799 2094 tuuc,
829 2041 917 2098 capro
945 2035 987 2082 cet
1003 2027 1094 2100 plaga
1124 2035 1174 2084 tua
1179 2047 1191 2094 ,·

84 2142 177 2182 omnes
195 2127 244 2198 qui
260 2125 381 2181 audiunt
390 2125 504 2196 samum
521 2133 615 2194 mom,
636 2125 780 2199 plaudunt
796 2143 902 2192 meum·
925 2145 992 2184 num
1012 2143 1097 2201 super
1114 2145 1193 2202 quem

83 2244 139 2283 aon
157 2225 298 2282 transibat
312 2226 424 2282 molitio
441 2235 491 2282 tuc
502 2229 661 2300 perpetuo!
679 2259 715 2267 —
738 2240 806 2312 ‘VH
831 2226 983 2302 singulare
1014 2229 1192 2288 substantivi

84 2326 268 2402 exemplum,
296 2345 334 2383 ex
359 2325 464 2384 adiect.
482 2326 581 2384 femin.
600 2326 779 2397 delibatum3
805 2327 927 2385 verbum
950 2343 1018 2387 nrt:
1045 2329 1194 2404 significat

84 2429 273 2505 languescere
290 2427 347 2486 Ies.
361 2427 466 2500 XLII,
479 2432 513 2498 43
531 2427 597 2486 Iob.
611 2427 720 2500 XVII,
735 2431 751 2484 7
759 2448 768 2500 3
785 2426 858 2486 Lev.
870 2428 965 2500 XIII,
980 2433 1004 2486 G.
1019 2433 1062 2487 21.
1076 2434 1109 2487 26
1124 2431 1191 2502 all.;

84 2529 152 2588 inde
169 2529 263 2588 subet.
282 2536 367 2586 notat
383 2528 575 2604 languorem,
593 2527 824 2604 mitigationem,
843 2529 886 2586 uti
899 2538 978 2588 recte
996 2530 1100 2588 statuit
1111 2529 1190 2589 Coc·

84 2647 188 2703 cums,
205 2629 254 2687 vel
271 2629 491 2702 remissionem,
510 2629 554 2687 uti
571 2630 606 2687 L.
625 2628 786 2688 Garrulus
799 2629 902 2687 LXX:
926 2617 987 2688 οὐκ
998 2619 1089 2690 ἔστιν
1099 2619 1192 2702 ἴασις

83 2728 123 2814 τῇ
146 2728 304 2813 συντριβῇ
327 2748 397 2790 σου.
421 2731 470 2789 Ab
494 2731 551 2788 hac
573 2731 681 2788 idonea
707 2731 874 2803 notatione,
899 2730 946 2788 oui
968 2731 1192 2806 patrocinantur

84 2831 223 2905 Kanum,
250 2833 332 2905 Em,
356 2832 476 2904 Meum,
501 2831 618 2906 Horum,
643 2839 827 2892 recesserunt
851 2832 993 2904 Manem,
1017 2831 1189 2906 Ksamsr„

84 2933 203 3005 Buram,
222 2933 273 3011 qui
290 2933 476 3009 interpretati
494 2941 579 2992 sunt:
596 2933 759 2992 contractio
779 2933 927 3005 vulneris,
945 2951 1022 3010 quae
1033 2933 1116 2991 notio
1128 2954 1189 2993 non

84 3034 312 3093 semitutum.
323 3034 463 3107 remia
482 3053 536 3092 nec
552 3036 646 3110 probe
657 3035 797 3094 resena
811 3033 954 3092 recurunt:
970 3025 1080 3112 „eta
1098 3019 1190 3096 tuso

84 3129 193 3218 maol
221 3126 285 3195 Q
313 3120 397 3208 σΔ,
427 3154 480 3193 nec
502 3145 548 3194 est
570 3136 621 3212 qui
640 3136 739 3194 doleat
756 3137 793 3195 de
809 3135 1015 3210 tractamine,
1040 3137 1188 3210 Ionam,

84 3238 199 3297 Larsa:
218 3237 356 3296 niemand
373 3237 451 3296 wird
468 3258 518 3295 um
536 3237 642 3295 deinen
660 3235 797 3296 Schaden
815 3245 950 3310 tranem,
969 3239 1046 3296 noch
1064 3239 1127 3298 sich
1139 3258 1190 3296 um

84 3340 168 3398 deine
185 3339 279 3416 Plage
297 3339 434 3397 krbnken
440 3359 449 3410 3
468 3339 594 3416 denique
606 3337 829 3397 Hmnonrrrus:
848 3357 909 3396 non
922 3339 1106 3398 estobseura
1119 3357 1189 3397 con·

83 3441 165 3499 tritio
183 3449 243 3500 tua.
262 3475 298 3484 -
321 3457 389 3500 nam
412 3439 558 3512 fractura,
586 3439 625 3497 ad
650 3439 849 3497 calamitatem
871 3447 900 3497 et
923 3438 1073 3497 interitum
1094 3440 1190 3498 homi-

83 3562 153 3600 num
165 3543 203 3599 ab
218 3541 336 3602 ossibus
349 3542 509 3613 translata,
528 3559 623 3617 neque
636 3558 708 3599 vcro
722 3558 741 3597 a
754 3539 835 3598 vasis
848 3539 977 3616 figulinis
991 3539 1189 3619 (Ksnmsx.);

82 3644 161 3702 haud
179 3661 248 3700 raro
267 3643 374 3702 dicitnr
390 3662 451 3702 non
470 3641 566 3701 solum
584 3641 621 3700 de
638 3640 806 3699 calamitate
822 3640 901 3698 bello
919 3649 1042 3718 accepta
1059 3642 1111 3701 Ps.
1120 3642 1189 3712 LX,

81 3749 98 3802 4
114 3744 183 3819 (cir.
202 3743 359 3802 Hanusra.
378 3763 405 3802 a.
422 3745 452 3803 h.
470 3743 522 3820 l.)‚
548 3744 600 3802 sed
626 3742 714 3801 etiam
737 3742 774 3800 de
795 3741 916 3800 interitu
939 3750 968 3801 et
985 3743 1078 3802 exitio
1095 3743 1188 3803 Prov.

81 3845 169 3918 XVI,
191 3848 231 3918 18,
251 3846 286 3904 de
304 3845 412 3904 exsilio
430 3845 540 3904 Thren.
558 3846 599 3918 ΙΙ,
619 3850 660 3903 11.
678 3844 741 3916 ΙΙΙ,
759 3847 807 3916 473
827 3861 916 3918 saepe
935 3863 1054 3922 quoque
1069 3844 1189 3903 coniun-

81 3955 162 4004 ctum
180 3965 244 4004 cum
262 3967 311 4005 vv.
329 3966 397 4024 sqq.
419 3962 505 4024 sinna
529 3940 622 4019 ntur,
641 3947 693 4007 cfr.
711 3945 769 4004 Iar.
788 3946 840 4016 X,
861 3948 901 4002 19.
915 3943 1001 4018 XIV,
1018 3949 1063 4016 173
1082 3945 1188 4017 XXX,

83 4052 130 4120 12;
149 4047 202 4125 qui
220 4057 379 4106 concentus
398 4048 616 4106 enunfiatorum
633 4047 731 4124 possit
748 4047 866 4124 quidem
883 4045 1023 4104 fortuitus
1040 4063 1122 4117 esse,
1147 4047 1190 4103 nti

81 4149 197 4208 censuit
212 4148 382 4208 Koressos
399 4149 420 4206 1.
433 4149 453 4206 l.
472 4168 501 4224 p.
512 4152 560 4220 753
585 4168 686 4208 verum
711 4149 852 4225 quoniam
870 4147 926 4205 Ier.
945 4147 1054 4220 XXX,
1073 4150 1090 4205 8
1115 4145 1189 4205 vidi·

82 4269 149 4310 mus
166 4249 299 4308 Nabumi
324 4258 353 4308 et
370 4248 484 4308 Iesaiae
509 4249 597 4307 simul
619 4250 729 4307 referre
753 4251 845 4309 verba
867 4247 934 4324 (cfr.
959 4249 1046 4322 adl,
1066 4249 1112 4327 13)
1135 4247 1190 4308 ali·

83 4370 170 4428 quem
193 4351 298 4410 saltem
322 4351 417 4410 nostri
440 4369 559 4427 quoque
576 4350 635 4407 loci
652 4350 869 4426 suspicabimur
886 4357 1068 4424 respectum,
1092 4369 1129 4408 ne
1146 4349 1190 4407 di·
