2966 5090
471 301 914 379 §.2.De0nru1ruNssuu1.
1216 331 1251 374 ar

138 505 304 558 consensu,
323 504 384 564 quo
401 483 534 544 Nabumi
551 487 643 546 verba
659 505 726 548 cum
743 489 941 550 monumentis
958 493 1102 554 contineri
1115 513 1250 571 praecer-

138 591 191 648 tim
209 589 241 647 in
257 607 290 646 rc
308 585 430 645 militari
453 585 647 647 describenda
668 589 842 666 saepissime
864 592 1063 668 ostendimus,
1088 597 1250 656 sententiae

135 691 218 749 illins
242 687 365 765 patroni
387 687 476 765 longe
498 687 645 748 validiora
666 690 787 750 eliciant
810 702 992 768 argumenta
1020 695 1169 770 Quodne
1194 697 1249 758 ad·

137 791 273 851 mississe
288 789 467 862 videremur,
485 789 611 866 singulis
628 791 691 850 iere
707 791 781 852 locis
799 793 984 869 monuimus,
1003 796 1077 856 satis
1090 797 1141 856 diu
1151 799 1249 876 Assy·

135 893 250 950 riorum
268 890 417 948 exercitus
440 890 471 947 in
488 890 663 950 Palaestina
686 901 822 953 versatos
848 894 959 968 fuisse,
988 916 1043 956 nec
1067 898 1249 958 aemulante

135 993 221 1069 ipsas
238 990 517 1067 Hierosolymorum
543 1000 647 1068 portas
671 993 852 1054 constitisse.
871 1029 908 1038 —
925 996 1011 1057 Haec
1032 998 1124 1076 igitur
1148 1000 1249 1060 omnia

136 1094 192 1152 vix
206 1091 378 1168 ampliorem
392 1092 724 1170 probantAssyriarum
735 1115 833 1154 rerum
847 1097 1056 1173 cognitionem,
1070 1119 1245 1178 quamquas

139 1195 179 1252 dc
195 1191 383 1252 celeberrima
399 1201 429 1251 ct
446 1193 655 1269 potentissima
671 1197 745 1256 urbe
760 1197 837 1256 inter
853 1216 956 1258 omnes
972 1199 1027 1258 illo
1045 1209 1179 1278 tempere
1196 1203 1248 1260 de-

139 1295 231 1354 bebat
253 1301 389 1352 constare
400 1293 418 1352 ¹.
460 1295 507 1352 Ac
536 1295 562 1354 si
584 1296 678 1354 multa
703 1304 764 1356 tarn
794 1297 892 1357 vivide
922 1309 1069 1376 apparent
1098 1301 1247 1378 descripta

137 1403 229 1472 atque
246 1402 315 1453 ante
333 1394 437 1453 oculos
453 1395 611 1470 legentium
629 1397 746 1473 posita,
771 1398 858 1476 quusi
880 1399 945 1476 ipse
970 1410 1054 1462 vates
1078 1421 1178 1462 coram
1203 1403 1247 1461 vi-

135 1497 231 1556 disset
248 1495 349 1554 omnia
366 1495 566 1574 (Ewnnnus):
594 1499 760 1558 recolamus
778 1508 913 1576 oportet,
932 1520 983 1562 eas
1001 1503 1103 1561 referri
1121 1504 1246 1580 specics,

136 1617 215 1675 quse
231 1615 286 1672 per
303 1596 447 1656 visionem
464 1597 565 1654 animo
583 1597 646 1658 eius
664 1600 848 1660 extrinsecus
865 1601 972 1660 hausto
984 1603 1103 1662 fuerunt
1117 1603 1245 1664 oblatae.

114 1773 118 1780 ¹
188 1697 296 1775 Neque
320 1715 392 1755 vero
418 1697 449 1754 iu
466 1697 547 1758 bisce
571 1701 769 1776 argumentis,
794 1721 870 1779 quae
893 1701 1014 1760 iamiam
1039 1703 1245 1778 refutavimus,

140 1798 288 1875 acquievit
303 1799 478 1871 EWALDUS,
505 1799 556 1859 sed
580 1800 679 1876 ipsum
696 1820 861 1860 sermonem
879 1821 999 1880 qnoque
1015 1804 1125 1864 babere
1142 1805 1246 1864 existi-

141 1899 243 1973 mavit,
260 1899 503 1976 quaeAssyriam
520 1901 649 1960 indolem
669 1902 791 1962 olerent.
823 1902 890 1977 Quo
907 1903 938 1962 in
956 1922 1063 1981 genere
1080 1906 1169 1964 affert
1185 1914 1246 1966 tres

137 2001 275 2074 voculas,
294 2020 371 2078 quae
387 2001 452 2060 siue
468 2001 558 2060 dubio
577 2003 723 2079 Assyriae
740 2012 852 2064 essent:
875 2019 942 2064 nun
970 2006 1017 2080 ΙΙ,
1035 2010 1068 2080 8,
1092 2023 1194 2068 niuem
1217 2015 1247 2066 et

132 2117 254 2164 niuosis
289 2101 350 2175 III,
371 2106 417 2174 173
441 2110 474 2160 at
490 2102 564 2162 duas
581 2104 697 2179 priores
714 2106 809 2181 probe
826 2125 865 2165 cx
882 2106 1024 2168 Hebraeo
1038 2126 1175 2168 sermone
1192 2127 1245 2168 no·

135 2203 194 2262 tari
210 2221 302 2280 posse
318 2202 397 2262 inira
414 2202 580 2263 videbimus
597 2204 666 2281 (cir.
684 2225 710 2264 a.
729 2207 777 2266 bb.
795 2206 858 2287 ll),
884 2217 914 2267 et
936 2228 1027 2268 unum
1052 2209 1133 2286 quod
1152 2217 1247 2268 restat

133 2319 222 2366 ‘tnnc
239 2303 307 2380 (cfr.
325 2303 449 2383 ibidem)
466 2305 505 2363 ad
528 2324 650 2366 caussas
675 2325 767 2383 supra
790 2309 945 2385 expositas
968 2310 1155 2370 referendum
1172 2309 1245 2380 erit3

134 2406 244 2464 deinde
261 2405 421 2483 singularis
438 2405 541 2464 suffixi
559 2406 673 2482 species
690 2400 823 2495 ³22¹.pr
846 2430 865 2468 a
881 2410 1002 2485 poetico
1016 2429 1152 2469 sermone
1162 2429 1247 2485 repe-

135 2507 228 2567 tenda
245 2515 290 2566 est
306 2506 373 2582 (cir.
391 2506 429 2564 ad
446 2507 492 2579 11,
509 2509 563 2584 14).
583 2507 681 2580 „Tum
700 2526 770 2565 vero
788 2487 909 2585 assequi
934 2528 994 2567 non
1021 2510 1154 2568 valemus
1173 2508 1246 2584 quid

57 2669 60 2676 ,
137 2607 219 2666 hisce
241 2607 299 2668 sibi
321 2607 420 2667 verbis
437 2627 466 2666 v.
483 2607 534 2666 dd.
559 2606 699 2666 voluerit:
727 2626 803 2678 „aus
828 2608 880 2665 der
904 2607 1045 2683 Fassung
1069 2608 1123 2666 der
1139 2608 1246 2667 Worte

135 2709 184 2782 ΙΙ,
204 2714 216 2767 l
235 2709 326 2785 vergi.
343 2709 402 2768 Ios.
419 2708 493 2781 LII,
512 2713 528 2765 7
546 2707 623 2785 folgt
640 2708 717 2765 noch
734 2707 933 2781 bestimmter,
952 2708 1023 2767 dass
1041 2728 1074 2768 er
1091 2709 1160 2768 sebr
1176 2708 1247 2768 weit

133 2829 195 2869 von
212 2810 381 2870 Jerusalem
407 2809 465 2868 und
482 2810 565 2868 Juda
588 2809 697 2868 redete.
735 2809 803 2868 Wie
826 2810 960 2887 dagegen
983 2809 1031 2868 ein
1056 2810 1192 2886 Prophet
1214 2810 1246 2868 in

131 2911 304 2971 Jerusalem
326 2918 404 2970 etvva
426 2930 477 2969 um
500 2911 629 2970 dieselbc
645 2911 710 2970 Zcit
726 2911 788 2988 (vel
810 2912 912 2988 potins
928 2911 955 2970 L
972 2911 1058 2971 annis
1075 2911 1159 2989 post)
1184 2931 1245 2971 von

131 3012 248 3086 Ninive
264 3012 353 3070 reden
371 3012 489 3084 wirde,
515 3013 604 3072 seben
621 3012 678 3071 wir
694 3031 749 3072 aus
766 3014 819 3072 der
836 3014 905 3073 sehr
922 3013 1152 3073 verschiedsnen
1170 3012 1246 3072 Hal·

132 3125 209 3192 tung
226 3113 279 3171 der
295 3114 402 3171 Worte
419 3110 495 3172 Ssei.
513 3113 559 3187 ll,
580 3116 726 3185 13-15;“
751 3134 828 3191 quae
852 3117 945 3173 verba
961 3133 1016 3173 nec
1033 3114 1108 3174 adeo
1126 3101 1245 3174 diversa

132 3222 204 3275 sunt
220 3214 289 3291 (cfr.
308 3214 346 3272 ad
363 3213 424 3285 ΙΙΙ,
445 3216 491 3293 19)
508 3222 537 3272 et
554 3214 580 3273 si
598 3213 670 3291 quid
694 3214 852 3288 differunt,
877 3216 916 3274 ad
938 3216 1081 3290 temporis
1104 3224 1134 3274 et
1156 3215 1246 3291 scopi

131 3316 280 3375 rationem
299 3315 373 3375 satis
390 3315 539 3373 diversam
557 3315 613 3373 erit
629 3314 824 3374 referendum.
849 3317 901 3374 cir.
927 3316 1006 3374 infra
1022 3335 1053 3391 p.
1066 3320 1111 3374 47.
1129 3349 1170 3370 -,
1182 3316 1244 3374 Ρο-

131 3426 261 3490 stremo,
281 3416 363 3492 quod
380 3423 441 3473 tam
459 3416 581 3492 copiose
596 3423 682 3474 notat
694 3425 792 3475 vatem
806 3416 843 3474 de
856 3417 922 3477 sola
934 3415 1016 3490 Nino
1030 3417 1128 3476 iacere
1141 3416 1243 3491 verba,

131 3537 224 3596 quam
242 3523 329 3576 nemo
348 3536 364 3574 e
380 3517 536 3593 prophetis
552 3516 718 3592 prioribus,
742 3517 794 3576 vix
814 3525 859 3576 est
877 3517 958 3594 quod
975 3518 1153 3591 refutemus,
1178 3537 1244 3577 cum

131 3619 165 3678 in
195 3618 366 3678 conditione
395 3617 516 3694 populi,
548 3617 649 3694 paullo
678 3627 749 3694 post
778 3618 899 3678 uberius
929 3619 1125 3696 explicanda,
1162 3619 1246 3695 posi·

131 3731 196 3781 tum
216 3718 316 3780 fuerit.

184 3821 215 3898 6>
242 3820 342 3896 Quare
360 3838 426 3878 cum
443 3819 656 3878 nihilomnino
674 3839 739 3880 esse
755 3819 971 3896 intelligamus,
990 3838 1050 3898 quo
1069 3819 1245 3878 vaticinium
1298 3891 1302 3900 Ι

120 3909 162 3980 'in
180 3922 312 3998 Assyria
329 3921 438 3980 editum
456 3941 521 3980 esse
546 3923 770 3998 comprobetur,
796 3921 910 3980 accedit
925 3921 1061 3998 insuper,
1086 3921 1168 3997 quod
1189 3921 1244 3978 du-

132 4024 203 4081 dum
220 4022 337 4081 monuit
352 4020 586 4095 cressoneres,
611 4023 637 4100 ᾗ.
652 4025 716 4081 385:
741 4023 816 4095 „das
839 4023 941 4097 Boni,
973 4022 1101 4098 welches
1127 4021 1179 4078 ihu
1203 4041 1242 4079 an

132 4125 179 4182 die
197 4125 327 4182 anderen
343 4123 468 4182 Dichter
485 4124 545 4182 und
563 4123 611 4183 die
627 4123 766 4182 friheren
782 4124 954 4202 Propheten
972 4123 1098 4200 knirpit,
1121 4123 1162 4183 ist
1185 4121 1244 4180 viel

183 4353 235 4403 Cir.
254 4353 360 4404 anreu
379 4354 453 4418 prcll.
474 4367 497 4416 p.
511 4353 569 4403 ⁴227.
589 4353 770 4404 Hsevnrnenn
787 4351 855 4402 Einl.
875 4352 916 4413 II,
935 4353 958 4402 b.
978 4367 1003 4416 p.
1015 4353 1088 4422 376.Ι
1123 4319 1127 4325 ¹
