2918 5098
492 352 565 413 Car.
580 353 627 426 ll,
645 369 674 412 v.
691 359 714 411 1.
1109 351 1158 421 49

45 537 113 598 beat
138 538 243 616 sequi:
274 537 396 608 cdedro,
415 537 506 608 Iuda,
516 539 596 612 fecta
614 547 680 608 tuo,
704 539 810 618 emulos
827 549 894 598 uoto
911 544 982 598 too!
1012 557 1066 604 arn
1090 559 1160 619 pro·

46 641 125 716 pria:
154 638 269 699 versari
287 639 317 696 in
335 655 461 716 gyrum,
487 649 549 698 tum
567 657 656 712 vero,
675 641 714 699 ob
733 639 857 700 choreas
878 659 979 702 sacrus
996 641 1159 717 euitandas,

47 742 197 800 celebrare
220 740 346 812 festum,
370 740 472 798 addito
495 741 558 800 fere
583 760 680 801 accus.
703 741 1044 815 anLev.XX111‚3e;
1069 743 1159 804 Num.

47 842 173 916 XXIX,
195 845 243 913 12;
270 839 357 900 Sach.
371 841 457 914 XIV,
478 847 518 900 16.
538 846 579 901 18.
600 847 641 900 19.
682 841 775 902 Festa
791 850 890 902 autem
914 841 1021 902 sacra¹
1044 844 1159 905 duabus

47 963 83 1001 ex
101 943 220 1002 caussis
236 941 374 1000 iubentur
391 941 585 1015 celebranda3
609 942 752 1019 primum,
772 943 853 1020 quod
871 951 951 1002 terra
967 945 1006 1004 ab
1023 943 1160 1006 hostibus

48 1045 189 1116 obsessa,
207 1041 324 1102 institui
341 1062 401 1101 nou
418 1053 563 1119 possunt,
579 1052 670 1122 atque
687 1045 779 1117 adeo,
797 1044 824 1103 si
841 1045 1043 1117 celebrantur,
1061 1045 1160 1106 nullos

48 1165 100 1204 nec
124 1145 240 1204 eminus
264 1162 319 1201 nec
349 1144 483 1203 cotninus
511 1161 617 1221 urgere
643 1144 745 1206 hostes
767 1146 973 1223 consequitnr3
1002 1155 1065 1206 tum
1088 1165 1160 1206 vero

49 1247 191 1305 festorum
210 1243 371 1317 maiorum,
396 1263 476 1321 quae
500 1245 616 1318 dicunt,
646 1263 802 1324 commune
823 1244 897 1305 illud
922 1255 984 1319 est,
1015 1247 1096 1324 quod
1121 1249 1160 1308 ad

50 1347 316 1408 redemtionem
333 1345 539 1406 celebrandam
551 1346 713 1422 porticena
731 1347 850 1408 Pascha
862 1346 939 1406 enim
948 1345 1161 1408 instituebatur

51 1448 87 1506 sd
103 1447 303 1506 revocandam
320 1447 491 1504 memoriam
510 1447 600 1506 exodi
625 1467 664 1506 ex
682 1449 839 1524 Aegypto,
862 1447 1069 1524 promulgatae
1085 1449 1160 1526 legis

51 1549 242 1620 Pentecoste,
268 1545 474 1624 scenophegia
490 1548 604 1623 gratiae
627 1555 657 1606 et
673 1547 906 1620 misericordiae,
933 1567 1023 1626 quam
1041 1567 1094 1624 per
1110 1551 1159 1608 de·

52 1658 127 1708 serta
144 1649 214 1706 loca
229 1667 303 1726 gens
321 1657 446 1724 experta
469 1656 548 1720 erat,
573 1648 666 1706 donec
688 1647 867 1724 promissam
892 1659 1001 1708 terram
1025 1648 1158 1735 intravit.

53 1749 150 1824 Quare
174 1749 231 1808 hac
259 1748 486 1826 compellatione
515 1747 725 1806 redemtionem
748 1749 786 1808 ub
812 1749 948 1825 Assyriis
971 1757 1041 1810 tuno
1064 1767 1160 1826 prope

53 1859 162 1910 instare
178 1849 306 1908 dilucide
322 1849 513 1928 significatur.
539 1849 597 1908 Est
613 1857 728 1923 autem,
746 1849 790 1908 uti
802 1849 897 1925 probe
911 1857 997 1910 notat
1008 1847 1157 1924 Unsntns,

54 1949 262 2023 „annunciatio
278 1949 387 2026 partim
404 1949 617 2028 gratulatoria,
634 1949 744 2026 partlm
762 1950 1005 2024 exhortatoria3“
1024 1959 1160 2010 monetur

55 2052 138 2110 etiam
155 2051 286 2128 populus
302 2051 397 2110 atroci
419 2050 607 2110 idololatriae
624 2051 756 2125 deditus,
781 2060 814 2112 ut
830 2052 869 2112 ad
887 2071 988 2111 verum
1004 2051 1159 2114 dominum

55 2171 132 2210 suum
151 2163 242 2230 atque
259 2161 418 2228 patronum
436 2152 590 2213 colendum
607 2152 734 2224 rediret3
760 2152 848 2213 sicuti
866 2153 1006 2213 Manasse
1023 2173 1040 2212 e
1056 2151 1158 2232 Baby-

55 2252 196 2312 loniorum
220 2252 347 2338 vinculis
376 2254 519 2312 liberatus
551 2253 651 2312 statim
677 2253 799 2312 deorum
826 2255 936 2314 cultum
964 2273 1020 2330 pro
1044 2255 1158 2314 viribus

57 2354 296 2432 exstinguendum
314 2363 344 2413 et
366 2372 452 2414 sacra
472 2353 588 2431 legibus
605 2353 746 2426 MosaioIs
768 2354 955 2432 praescripta
977 2355 1160 2416 restituenda

57 2456 178 2528 curavit3
204 2454 337 2514 tParal.
352 2455 512 2527 XXXIII,
532 2460 572 2512 16.
614 2455 696 2514 Idem
722 2455 783 2515 fere
804 2472 910 2514 sensus
932 2453 1056 2515 uenus
1078 2473 1159 2514 coru-

57 2556 218 2629 pellatiouis
242 2563 301 2615 est:
334 2571 418 2630 urant
441 2550 531 2616 subto.
575 2553 677 2614 Vota²
699 2556 863 2630 nuncupari
887 2553 1024 2616 solebant
1048 2555 1086 2614 ab
1110 2555 1159 2627 iis,

59 2657 104 2732 qui
120 2658 203 2734 gravi
220 2655 360 2734 angustia
376 2655 612 2728 continebantur,
631 2655 748 2715 exsolui
764 2665 864 2716 autem
881 2655 1158 2730 impetratasslute.

60 2754 192 2834 Sequitur
209 2775 281 2836 ergo
299 2777 338 2816 ex
354 2756 402 2817 his
419 2756 533 2832 verbis,
558 2755 650 2817 lbisse
668 2756 757 2816 etiam
775 2753 968 2834 ab'Assyriis
985 2755 1159 2832 periculum,

61 2875 118 2915 cum
134 2860 269 2918 ederetur
285 2856 471 2918 vaticinium.'

104 2957 297 3038 subiungitur
319 2968 379 3019 tam
397 2959 493 3018 nuntii
511 2959 596 3032 laeti,
622 2977 711 3036 quam
733 2959 877 3018 festorum
901 2967 931 3019 et
948 2967 1085 3018 votorum
1108 2977 1161 3017 ex-

62 3059 245 3120 hibendorum
262 3079 383 3134 caussa,
407 3069 437 3120 et
453 3061 590 3137 negative
613 3068 643 3118 et
665 3060 795 3136 positive
817 3079 977 3137 expressa:
1008 3078 1065 3118 uon
1089 3063 1162 3118 atita

63 3162 135 3221 addet
156 3165 285 3222 ineam
305 3173 391 3238 super
407 3171 433 3220 te
450 3179 584 3236 aequom,
608 3171 682 3220 totus
705 3163 856 3222 mancuso
872 3172 920 3220 eet.
963 3177 1025 3236 nou
1043 3161 1161 3234 addere,

63 3260 131 3322 baud
147 3282 217 3323 raro
235 3263 422 3322 iterationem
440 3262 601 3339 significat,
619 3271 761 3339 sequente
774 3270 827 3320 aut
838 3262 1000 3333 infinitivo,
1020 3262 1067 3320 vel
1084 3261 1162 3320 nude

65 3363 103 3420 vel
117 3367 252 3440 praefixo
269 3358 304 3442 ⁴7,
325 3373 377 3425 aut
393 3361 564 3440 praeterito.
600 3363 700 3422 Verbo
719 3377 782 3423 nnn
808 3381 868 3420 non
893 3361 1097 3420 inundationis
1115 3361 1164 3420 vel
1203 3389 1205 3402 ·

65 3465 161 3524 noxiae
185 3465 312 3524 alieuius
335 3464 520 3540 tempestatis
546 3463 707 3523 similitudo
731 3461 865 3520 subiecta
888 3469 949 3534 est,
981 3460 1067 3520 sicuti
1091 3460 1122 3532 I,
1146 3465 1164 3518 8

66 3561 389 3645 (I.H.M10nnnn1s),
419 3565 471 3624 sed
497 3564 618 3624 victoris
641 3563 751 3621 victum
774 3561 899 3636 pedibus
923 3561 1081 3632 calcantis3
1109 3561 1163 3620 cfr.

66 3649 181 3740 lajm,
199 3669 250 3724 23:
279 3675 330 3739 „et
347 3667 464 3726 tradam
481 3674 511 3725 te
527 3666 559 3724 in
576 3683 696 3722 manum
713 3661 907 3739 affligentium
925 3671 969 3733 te,
994 3661 1045 3738 qui
1063 3660 1165 3719 dicunt

67 3765 169 3826 animae
191 3776 277 3826 tuaer
303 3775 460 3844 prosterne
483 3775 513 3824 te
536 3775 570 3826 ut
592 3775 777 3824 museamus
794 3762 979 3838 (incedamus
1004 3764 1164 3840 superte),

68 3871 91 3920 et
106 3867 149 3926 loc
167 3876 264 3928 terrae
290 3847 414 3928 similem
432 3885 541 3944 corpus
569 3876 667 3940 tuum,
690 3866 738 3926 vel
757 3873 789 3924 ut
804 3863 884 3924 viam
911 3862 1164 3924 transeuntibus.“

32 4027 33 4034 .
68 4028 254 4043 Ὢ*-

69 4217 88 4268 R
111 4140 133 4201 1)
149 4142 189 4193 De
206 4146 278 4196 omni
295 4145 420 4206 festorum
431 4145 540 4196 ratione
557 4144 603 4196 etr.
621 4142 728 4198 Batnon
746 4141 836 4216 symb.
848 4143 886 4206 11,
904 4159 927 4210 p.
941 4145 990 4195 528
1001 4157 1048 4206 ss.;
1066 4142 1167 4193 Wussu

89 4224 153 4274 ealw.
171 4242 195 4277 s.
214 4245 237 4277 v.

36 4349 38 4364 r
112 4311 135 4372 2)
150 4313 190 4362 De
212 4315 281 4365 votis
303 4277 348 4364 cfr.
373 4314 482 4368 Barnun
504 4313 585 4376 symb.
604 4312 643 4371 11,
668 4312 763 4374 pabo.
782 4313 846 4371 3713
876 4311 965 4360 Wmnn
983 4309 1081 4361 Realw.
1101 4325 1124 4360 s.
1143 4327 1166 4359 v.

37 4375 38 4433 1
71 4386 181 4445 Heussrn.
199 4398 241 4448 die
260 4395 340 4463 Opfor
357 4398 404 4460 der
421 4398 447 4447 h.
465 4396 537 4449 Solu.
557 4413 581 4461 p.
594 4397 636 4446 38.

914 4478 930 4524 4
