2918 5098
286 298 356 370 112
448 249 450 254 Ι
687 299 988 374 Csr.111,v.8-'13.

283 485 494 548 intellexerunt
515 482 628 544 Ninum
650 492 792 562 tunquam
809 484 942 544 ¹medium
966 484 1050 564 regni
1072 484 1170 542 locum
1194 481 1307 557 Occu,
1333 482 1401 544 Os-

284 604 403 660 nrusm,
425 586 591 658 lisanum
615 603 683 644 nam
707 605 834 664 sequens
862 586 980 646 demum
1002 603 1107 646 versus
1131 572 1285 661 adipsum
1302 594 1402 662 caput

282 688 412 750 adducit.

335 790 450 865 Elapso
468 787 655 848 defensorum
672 789 772 848 auimo
787 788 854 847 fieri
871 803 931 846 n'on
947 793 1063 864 potest,
1081 786 1154 864 quin
1167 787 1401 862 propugnacula

284 891 373 951 facile
390 896 579 966 occupentur.
611 884 717 962 partui
749 889 826 948 mule
843 889 881 948 ad
895 887 1099 948 antecedentia
1112 895 1296 947 retorserunt
1311 888 1336 945 I.
1350 887 1397 947 D.

285 992 397 1063 lirum,
421 991 608 1063 Rusuccuru,
633 988 724 1049 Hmz.
742 990 785 1068 (I)
801 990 965 1062 Hennam,
983 989 1026 1048 ita
1042 995 1077 1048 ut
1092 988 1225 1048 andiretr
1240 1008 1256 1046 e
1270 989 1398 1064 regione

284 1093 414 1152 hostium
433 1089 601 1163 constituti,
625 1090 762 1151 mulieres
780 1099 864 1163 suut;
888 1109 948 1167 quo
971 1089 1066 1149 futilis
1084 1091 1276 1148 conficeretur
1292 1097 1396 1148 tauto-

285 1194 376 1272 logia.
394 1225 431 1236 -
446 1206 538 1257 tunsa
561 1206 647 1257 nunu.
664 1191 808 1252 Infinitivi
819 1191 949 1252 absoluti
962 1209 1029 1250 cum
1039 1191 1131 1250 verbo
1144 1189 1229 1248 finito
1242 1189 1395 1248 coniuncti

286 1296 332 1354 via
350 1302 380 1352 et
397 1292 529 1352 efficacia
545 1291 699 1368 praeclaro
717 1293 775 1352 hoc
791 1292 921 1352 cernitur
938 1291 1091 1368 cuemp103
1109 1290 1255 1368 sapiditas
1272 1299 1302 1350 et
1316 1291 1395 1350 faci·

283 1396 372 1468 litas,
393 1414 453 1472 qua
474 1401 580 1469 portae
603 1393 789 1469 aperiuntur,
812 1394 866 1452 vix
884 1392 984 1470 aptius
1001 1392 1130 1468 exprimi
1146 1391 1286 1468 potuerit.
1307 1408 1395 1455 suum

286 1511 371 1571 attus
393 1515 429 1554 ea
449 1502 520 1554 sunt
535 1494 637 1554 finium
653 1494 736 1567 loca,
754 1513 809 1570 per
825 1513 902 1573 quae
919 1494 1017 1554 aditus
1034 1502 1117 1570 patet
1132 1493 1163 1553 iu
1189 1501 1314 1568 terram,
1339 1513 1394 1552 re-

284 1597 340 1656 luti
356 1597 459 1656 fauces
476 1604 506 1654 et
522 1595 678 1672 angustiae
701 1594 860 1668 montium,
887 1594 1017 1656 castellis
1040 1595 1102 1654 fere
1124 1593 1268 1666 munitae,
1293 1593 1393 1654 cuius·

285 1699 367 1757 modi
390 1697 578 1756 Bocuaauus
599 1696 686 1758 Phal.
712 1717 742 1772 p.
764 1700 824 1755 220.
848 1695 922 1756 Can.
944 1715 977 1772 p.
995 1699 1044 1754 377
1068 1695 1203 1754 laudavit
1219 1693 1393 1754 Chaboram

215 1814 218 1821 ·
285 1809 433 1871 montem,
451 1797 567 1855 Mediae
585 1797 771 1873 oppositum,
790 1797 967 1856 etTucuuus
980 1797 1000 1856 l.
1011 1797 1078 1880 lp.
1090 1800 1124 1854 35
1142 1795 1256 1854 addidit
1271 1805 1392 1856 montes

284 1920 304 1960 a
323 1898 424 1958 Plinio
448 1898 507 1956 iarn
528 1896 626 1956 invios
648 1899 830 1975 appellatos,
856 1898 908 1976 qui
930 1898 969 1956 ad
991 1897 1220 1981 septentrionem
1246 1906 1391 1974 vergunt3

284 2000 361 2060 adde
386 2016 506 2076 quoqne
528 1985 680 2056 fluminum
706 1999 783 2058 vada
807 2008 836 2058 et
859 1998 1003 2058 transitus
1019 1998 1069 2056 all.
1094 1998 1255 2057 Portarum
1279 2007 1392 2071 autem,

284 2099 425 2179 quoniam
443 2097 573 2156 maxime
590 2099 688 2158 solent
703 2099 834 2157 munitae
851 2118 931 2173 esse,
947 2119 986 2173 ea
1002 2109 1047 2159 est
1057 2099 1207 2176 maritas,
1224 2099 1323 2176 utqui
1339 2118 1394 2159 eas

283 2200 413 2277 caperit,
432 2216 539 2258 omnen
556 2199 645 2258 simul
661 2201 764 2258 urbem
782 2200 984 2276 occupaverit,
1004 2201 1056 2258 cfr.
1074 2199 1132 2260 Ies.
1143 2199 1252 2273 XXII,
1271 2203 1305 2272 75
1323 2200 1393 2258 Iud.

283 2302 323 2375 V,
340 2305 374 2373 83
398 2299 490 2362 Mich.
505 2299 536 2373 I,
555 2304 587 2372 93
612 2301 669 2360 Ier.
689 2301 774 2374 XIV,
793 2306 824 2374 23
847 2302 905 2362 Ies.
923 2301 1041 2374 XXIV,
1061 2305 1101 2359 12.
1131 2299 1271 2360 Claustra
1293 2309 1395 2360 terrae

283 2403 344 2463 alio
362 2401 452 2461 etiam
469 2419 559 2462 sensu
575 2402 686 2463 usitata
704 2403 756 2462 cfr.
773 2403 836 2462 Ion.
853 2403 901 2476 11,
919 2406 944 2460 ’1.
958 2435 995 2444 -
1013 2401 1211 2461 Continuatur
1228 2402 1392 2462 similitudo

282 2512 479 2582 praepostera
502 2503 645 2580 imagine:
669 2508 805 2564 cmnumit
826 2507 899 2579 tynis
922 2512 1103 2562 vectce‘tnos.
1130 2509 1202 2568 ntur
1227 2521 1253 2561 a
1272 2519 1392 2580 artur,

282 2608 336 2670 cfr.
354 2605 453 2663 Exod.
470 2604 627 2679 XXXVI,
645 2609 679 2664 33
697 2614 749 2680 „et
765 2605 837 2664 fecit
852 2612 964 2664 vectem
981 2604 1148 2664 medianum
1173 2603 1228 2680 qui
1250 2605 1395 2664 transiret

282 2700 393 2783 (aaut)
410 2725 465 2782 per
480 2705 593 2766 medios
610 2725 727 2768 asseres
744 2708 783 2767 ab
807 2706 902 2765 altero
924 2714 1060 2766 extremo
1083 2705 1123 2764 ad
1145 2705 1301 2764 alterum.“
1326 2705 1395 2764 Iam

283 2826 356 2867 vero
368 2806 567 2884 quaerendum
580 2816 640 2882 est,
654 2816 753 2867 utrum
766 2828 822 2868 sua
833 2807 922 2867 etiarn
933 2807 1069 2867 vectibus
1081 2806 1287 2884 metaphorica
1299 2825 1395 2884 quse·

285 2909 354 2968 dam
372 2907 508 2966 videatur
524 2917 659 2983 potestas
676 2907 848 2982 tribuenda,
867 2929 905 2968 au
924 2908 1051 2985 simplex
1070 2907 1102 2966 in
1119 2907 1295 2966 exornanda
1310 2906 1396 2967 simi-

283 3007 409 3066 litudine
425 3007 628 3070 concedendus
646 3009 729 3070 locus
747 3009 832 3069 esse?
862 3009 977 3083 Qui-bus
994 3009 1122 3085 primum
1138 3009 1212 3068 illud
1223 3007 1352 3085 placuit,
1371 3008 1396 3066 ii

285 3115 383 3166 vectes
400 3105 597 3166 meminerunt
612 3107 644 3165 id
654 3127 744 3181 esse,
768 3127 828 3186 quo
845 3110 1023 3170 clauduntur
1044 3117 1164 3186 portae,
1189 3109 1248 3168 ie.
1270 3109 1396 3169 castella

285 3216 316 3266 et
337 3205 580 3282 propugnacula,
612 3208 720 3286 quibus
749 3209 848 3270 aditus
871 3219 968 3270 terrae
985 3211 1196 3284 defenduntur,
1229 3210 1282 3268 cfr.
1319 3227 1394 3276 nau:

283 3306 361 3368 Hos.
374 3307 436 3380 Xl,
455 3310 488 3380 ὃς
507 3327 584 3385 quae
600 3310 806 3386 interpretatio
824 3311 941 3372 etiamsi
957 3312 1055 3389 possit
1067 3311 1283 3384 commendari,
1308 3331 1395 3388 prac-

284 3410 408 3470 ferimus
431 3417 531 3468 tamen
553 3410 685 3471 alteram.
711 3413 908 3490 Assyriorum
931 3421 1030 3472 autem
1054 3413 1236 3474 consuetudo
1254 3421 1334 3485 erat,
1362 3419 1395 3470 ut

284 3511 426 3574 locorum,
437 3509 634 3586 munitorum,
653 3533 731 3591 quae
748 3521 973 3590 oppugnarent,
992 3514 1089 3590 portis
1106 3515 1187 3574 faces
1205 3513 1392 3584 subiicerent,

285 3613 394 3690 quibus
411 3620 626 3687 cremarentur,
645 3615 689 3673 uti
705 3634 744 3672 ex
762 3614 955 3690 amplissimis
972 3623 1229 3691 monumentorum
1247 3613 1393 3690 exemplis

279 3713 478 3790 ‚intelligimus
491 3713 507 3771 ¹.
531 3714 674 3774 Vectibus
698 3733 769 3792 ergo
792 3735 851 3774 nou
874 3716 933 3777 alia
950 3715 1108 3776 tribuenda
1131 3716 1309 3792 significatio
1328 3715 1391 3785 erit,

285 3833 376 3891 quum
394 3822 427 3872 ut
444 3821 497 3872 aut
512 3815 692 3892 amplificent
702 3823 856 3892 portarum
871 3816 1109 3890 similitudinem,
1127 3824 1179 3876 aut
1197 3815 1391 3895 metonymice

338 4007 365 4068 1)
383 4006 436 4056 ctr.
452 4003 551 4054 Boron
567 4023 592 4072 p.
606 4005 665 4060 185.
689 4009 746 4058 191.
769 4010 829 4060 178.
853 4009 911 4060 191.
935 4009 985 4060 199
998 4009 1045 4076 ¹all.
1079 4009 1113 4060 Id
1130 4007 1201 4074 quod
1218 4008 1284 4060 adeo
1302 4007 1389 4058 abiisse

287 4095 315 4142 in
333 4091 448 4155 regulam
465 4090 579 4153 videtur,
597 4099 625 4142 ut
641 4091 705 4142 Bou.
723 4109 748 4157 p.
762 4094 810 4144 178
828 4092 861 4143 de
878 4094 991 4158 imagine
1008 4092 1119 4157 quadam
1136 4092 1233 4156 (Borrs
1249 4093 1283 4158 pl.
1294 4092 1337 4153 93)
1355 4105 1388 4139 as-

288 4182 400 4226 severet:
420 4175 464 4238 „It
481 4176 503 4226 is
521 4175 662 4238 remarket,
680 4176 736 4226 that
753 4177 797 4226 the
809 4177 948 4239 Assyriaus
960 4177 1025 4226 have
1040 4186 1087 4227 not
1099 4185 1139 4228 set
1151 4178 1198 4226 tire
1216 4183 1243 4225 to
1260 4176 1304 4226 the
1321 4181 1388 4240 gates

286 4259 317 4309 ol
331 4259 383 4308 this
399 4261 464 4326 city,
489 4273 518 4311 as
536 4261 664 4326 appeared
681 4267 709 4310 to
727 4261 759 4312 bo
776 4261 844 4312 their
859 4263 933 4313 usual
950 4263 1063 4326 practice
1080 4265 1108 4314 in
1126 4259 1260 4325 attacking
1279 4274 1297 4310 a
1318 4258 1388 4309 sorti·

285 4341 336 4393 fied
354 4343 451 4407 plaee.“
