2966 5090
426 270 451 344 §.
470 274 496 327 5.
525 269 574 328 Dr
593 272 691 330 auarus
708 273 918 332 Assumonun.
1125 293 1226 336 xxxix

168 457 254 530 Quae
273 473 340 513 cum
357 455 402 512 ita
419 453 493 526 sint,
513 454 565 512 vix
582 454 637 530 iis,
656 474 732 533 quae
748 475 796 516 vv.
815 456 864 514 dd.
881 455 926 514 illi
943 455 1051 534 singuli
1069 459 1127 518 sibi
1144 462 1225 538 quis·
1261 511 1264 518 ,

110 578 174 636 que
192 557 330 615 videntur
346 555 535 627 elaborasse,
559 555 632 615 fides
660 557 780 614 omnino
804 557 861 615 erit
882 575 1046 634 permagna
1070 561 1224 633 habenda3

109 678 213 735 neque
230 656 357 716 enimin
375 669 436 714 tam
453 655 566 714 incerto
583 665 674 734 atque
692 658 827 716 mutabili
845 658 936 718 totius
953 658 1127 736 discipliuae
1144 671 1224 722 statu

113 760 278 836 quicquam
294 776 352 834 pro
372 764 453 814 certo
476 765 566 835 atque
583 759 740 834 explorato
764 767 865 834 potest
885 758 989 834 accipi.
1015 763 1057 818 At
1080 781 1151 819 vero
1175 762 1225 821 ubi

112 862 153 918 de
166 860 284 919 diverso
297 858 421 918 fiduciae
438 858 570 930 medule,
589 879 665 934 quae
683 861 788 937 cuique
804 859 959 936 largienda
980 861 1035 932 sit,
1063 864 1224 938 quaeritur,

112 960 190 1018 nihil
208 960 388 1036 reliquorum
410 959 641 1020 detractabimus
658 960 844 1032 auctoritati,
864 959 1099 1036 cumplurimum
1114 963 1224 1022 tribua·

114 1080 186 1120 ntus
199 1061 440 1131 Rnwmnsomo,
460 1060 571 1137 quippe
589 1060 639 1138 qui
656 1081 715 1119 non
733 1062 828 1120 solum
842 1060 988 1120 ditissima
1000 1062 1224 1138 inscriptionum

116 1161 296 1220 collectione
318 1160 485 1218 sublevetur
508 1169 598 1238 atque
620 1162 651 1219 in
675 1162 804 1238 Assyria
831 1160 1008 1238 antiquitate
1039 1164 1226 1238 exploranda

119 1271 205 1322 totus
222 1269 366 1334 versetur,
391 1262 616 1335 verumetiam,
642 1283 707 1321 eum
730 1263 782 1320 alii
805 1263 842 1322 de
859 1262 983 1338 singulis
1001 1271 1116 1322 tuntum
1133 1265 1225 1340 parti·

119 1365 178 1421 bus
195 1381 265 1421 suas
278 1361 492 1420 declaraverint
505 1365 682 1436 sententias,
700 1365 765 1440 ipse
779 1364 860 1424 solus
870 1364 932 1420 fere
945 1363 1114 1422 universam
1128 1384 1225 1424 rerum
1311 1435 1313 1440 Ι

114 1463 313 1539 Assyriamm
331 1463 487 1521 historiam
505 1463 678 1539 complexus
701 1463 809 1522 idoneo
835 1471 994 1538 conspectu
1019 1467 1224 1540 proposuerim

117 1586 154 1622 ac
173 1563 243 1622 licet
260 1564 291 1621 in
309 1563 459 1622 nonnullis
476 1564 566 1620 rebus
584 1565 759 1622 sententiam
777 1582 861 1623 susm
883 1564 1101 1636 immutaverit,
1128 1573 1227 1622 tamen

118 1664 251 1724 maxime
268 1665 298 1721 iu
316 1663 446 1721 animum
463 1664 610 1740 fidemque
622 1664 782 1740 legentium
795 1683 860 1722 sese
875 1663 1026 1721 insinuare
1045 1664 1138 1736 valet,
1157 1665 1230 1740 quis,

123 1775 205 1824 certa
221 1766 259 1823 ab
278 1764 477 1823 intertiatam
495 1764 649 1840 distinguit
666 1764 731 1840 ipse
749 1783 838 1841 quam
856 1772 999 1840 perpetuo
1020 1763 1228 1840 distinguenda

121 1875 234 1924 monet.
268 1864 338 1924 Non
362 1865 462 1923 omnia
487 1874 585 1924 tamen
609 1867 672 1924 eius
694 1866 806 1940 placita
827 1865 930 1923 eodem
952 1865 1126 1924 habebimus
1149 1866 1227 1937 loco,

121 1967 175 2026 sed
193 1986 228 2024 ea
245 1985 379 2037 summo,
398 1985 475 2042 quae
492 1966 619 2024 aliorum
637 1983 783 2024 consensu
800 1966 895 2042 magis
913 1966 1002 2024 etiam
1020 1967 1228 2025 commendan-

83 2113 90 2122 .
119 2079 180 2126 tur.
198 2101 234 2109 —
253 2067 335 2143 Ergo
354 2087 418 2124 eam
436 2067 658 2139 auctoritatem,
677 2087 766 2143 quam
785 2068 944 2125 secundum
961 2075 1043 2127 ratas
1055 2067 1124 2125 fidei
1135 2068 1227 2125 histo-

120 2170 201 2227 ricae
226 2168 306 2244 leges
332 2168 501 2226 domesticis
531 2168 661 2244 gentium
692 2169 888 2227 monumentis
920 2168 1049 2226 tribuere
1078 2169 1228 2244 debemus,

120 2269 254 2328 nondum
284 2268 322 2328 iis
345 2268 477 2328 valemus
506 2268 625 2345 largiri3
656 2269 699 2327 ita
721 2277 819 2327 autem
842 2278 958 2327 utemur
982 2269 1034 2342 iis,
1060 2277 1093 2326 ut
1119 2267 1230 2326 indicia

120 2390 225 2430 eorum
242 2378 328 2444 grato
345 2370 445 2427 animo
468 2370 648 2445 accipiamus
672 2371 711 2428 ad
735 2369 957 2445 comprobanda
981 2378 1011 2428 et
1028 2369 1230 2429 confirmanda

122 2492 176 2544 ea,
195 2489 271 2550 qnae
286 2470 406 2528 aliunde
423 2471 532 2528 dudum
549 2471 660 2528 fuerint
676 2471 888 2528 demonstrata.

175 2571 259 2630 Haec
275 2581 372 2630 autem
388 2571 466 2630 ratio
484 2571 543 2629 nisi
560 2571 596 2628 de
613 2569 856 2644 inscriptionibus
874 2587 935 2626 non
954 2567 1047 2636 valet;
1066 2584 1135 2623 nam
1153 2585 1230 2640 quae

127 2691 168 2730 ex
186 2671 258 2746 ipsis
275 2673 440 2730 tabularum
457 2671 637 2748 imaginibus
655 2669 810 2744 diligenter
826 2667 903 2724 inter
921 2685 953 2724 se
970 2665 1086 2723 collatis
1110 2664 1230 2722 videan-

128 2786 177 2832 tur
192 2781 308 2847 patere,
326 2773 364 2832 iis
380 2791 440 2830 non
459 2780 504 2831 est
522 2771 680 2848 quominus
697 2769 819 2828 liberius
836 2776 963 2838 utamur,
981 2766 1013 2824 id
1032 2765 1113 2842 quod
1129 2765 1161 2822 in
1178 2783 1230 2824 ex·

125 2873 272 2951 plicandis
288 2873 476 2949 potissimum
493 2872 625 2930 Nahumi
644 2871 742 2930 verbis
761 2868 934 2945 saepissime
951 2866 1134 2926 admisimus.

176 2975 241 3033 Iam
258 2993 329 3032 vero
347 2975 434 3033 sicuti
458 2974 579 3031 omnino
603 2973 635 3031 in
657 2971 777 3030 incertis
801 2971 890 3029 rebus
912 2970 1056 3027 librorum
1081 2985 1232 3026 sacrorum

126 3078 180 3135 lux
198 3075 364 3134 certissima
380 3095 415 3132 eo
433 3074 560 3149 amplius
583 3073 660 3132 solet
682 3072 836 3148 splendere
854 3080 943 3148 atque
955 3072 1082 3128 obscura
1096 3069 1162 3126 loca
1174 3067 1234 3124 col·

125 3179 274 3248 lustrare,
293 3176 337 3234 ita
354 3175 469 3234 etiamsi
488 3175 589 3232 divina
606 3193 707 3232 eorum
728 3173 843 3230 indoles
861 3171 1091 3248 posthabentur,
1117 3168 1164 3225 vel
1181 3169 1234 3224 hu·

125 3297 217 3336 mano
235 3278 298 3334 iure
313 3276 491 3352 gravissima
508 3284 591 3347 sunt,
618 3293 695 3351 quae
713 3274 749 3331 de
767 3273 961 3347 Assyriorum
978 3273 1066 3327 rebus
1084 3267 1235 3335 exhibent,

127 3379 272 3456 quoniam
288 3385 341 3435 aut
358 3379 396 3436 ab
413 3377 450 3434 iis
468 3384 593 3434 exarata
610 3383 694 3446 sunt,
722 3374 773 3450 qni
791 3391 866 3448 quas
884 3370 1054 3429 describunt
1071 3368 1159 3425 rebus
1177 3366 1235 3440 ipsi

126 3478 334 3548 interfuerint,
358 3487 410 3537 aut
433 3496 472 3535 ex
496 3495 597 3534 eornm
621 3474 740 3550 scriptis
757 3472 836 3530 haud
854 3472 897 3529 ita
915 3471 1008 3528 multo
1027 3475 1096 3546 post
1113 3467 1150 3524 ab
1169 3465 1237 3524 aliis

128 3579 269 3655 religiose
292 3579 431 3637 delibata.
459 3576 543 3650 Quae
566 3584 664 3635 autem
689 3575 732 3633 sic
755 3572 865 3632 tradita
889 3571 1077 3645 accepimus,
1109 3587 1144 3626 eo
1170 3576 1239 3626 sunt

130 3680 277 3756 ampliore
300 3678 436 3736 habenda
453 3678 537 3748 loco,
562 3676 643 3752 quod
667 3676 703 3732 de
726 3674 840 3750 origine
856 3671 961 3747 populi
984 3678 1013 3727 et
1035 3669 1138 3745 primis
1157 3666 1238 3743 regni

131 3780 224 3838 initiis
242 3779 316 3836 talia
333 3778 401 3839 inde
419 3780 569 3850 docemur,
595 3775 696 3854 qualia
714 3795 773 3833 non
791 3773 952 3850 mythicam
970 3770 1099 3828 indolem
1117 3788 1189 3844 prae
1208 3787 1240 3824 se

130 3882 244 3952 ferant,
264 3899 366 3938 verum
383 3881 421 3938 ad
440 3879 615 3954 exploratae
632 3877 774 3936 historiae
792 3875 966 3952 dignitatem
985 3871 1172 3930 strationem
1187 3887 1239 3942 ap·

133 4039 336 4050 ..-..-.---

135 4142 220 4192 There
237 4142 298 4203 they
316 4141 364 4198 lie,
382 4141 403 4188 it
420 4141 442 4188 is
461 4138 531 4200 said,
549 4139 576 4186 in
594 4137 661 4199 huga
679 4142 753 4186 stoue
771 4133 941 4198 sarkephagi,
958 4131 1023 4182 vvith
1035 4129 1180 4195 ponderous
1192 4125 1243 4174 lida

135 4226 273 4277 decorated
291 4225 356 4274 with
373 4223 416 4272 the
434 4223 507 4284 royal
525 4227 674 4272 ornaments
693 4219 744 4269 and
762 4224 891 4280 costuma,
911 4219 965 4282 just
983 4231 1011 4266 as
1029 4214 1091 4276 they
1112 4225 1181 4261 were
1199 4210 1242 4259 de·
1294 4215 1296 4220 “

137 4313 238 4372 posited
256 4324 328 4360 more
346 4309 408 4358 than
427 4310 494 4358 3000
512 4323 587 4370 years
605 4305 678 4369 sgo.“
