2966 5090
436 283 461 358 §.
480 287 506 340 7.
530 281 580 340 Du
598 297 714 341 rnoons
732 297 889 340 varicum.
1136 300 1210 344 ιω

96 481 299 548 posteaquam
321 467 467 543 insignem
491 467 551 526 stili
574 465 683 544 poetici
705 472 735 524 et
751 465 962 524 sublimitatem
979 473 1163 526 stornatum
1181 475 1211 528 et

97 589 248 632 summam
266 567 371 640 etiam,
391 586 468 644 quae
484 567 517 625 in
533 567 635 626 oculos
651 564 791 638 incurrit,
816 565 953 624 dictionis
969 567 1128 641 puritatem
1145 567 1210 626 lau·

97 671 200 744 davit,
225 669 304 743 „etsi
321 668 473 741 lesaiae,“
497 668 608 746 inquit,
632 687 714 741 „non
737 665 825 742 plane
847 685 943 743 neque
965 667 1003 726 ab
1026 666 1107 724 omni
1124 677 1210 742 parte

97 771 253 850 aequalis,
280 770 348 830 huic
365 777 464 831 tamen
480 769 559 844 ipsi,
584 789 643 826 non
662 768 759 828 dicam
775 767 807 824 in
823 767 870 828 his
887 766 1046 827 virtutibus
1063 767 1208 845 aequalis,

98 874 156 936 sed
172 881 254 932 certo
272 890 333 930 non
350 869 444 928 multo
462 870 584 928 inferior
601 888 666 932 esse
683 869 830 927 videtur.“

153 972 315 1034 Fervidum
332 972 390 1030 boc
406 978 498 1047 atque
513 971 632 1046 igneum
651 970 727 1028 vatis
751 969 902 1044 ingenium
924 968 1054 1026 maxime
1076 966 1209 1026 omnium

99 1072 258 1152 perspexit
273 1071 470 1130 Unnnsrrrus
487 1079 578 1147 atque
594 1069 714 1130 disertis
731 1068 830 1146 verbis
855 1066 1021 1143 descripsit
1046 1067 1104 1128 Est
1130 1067 1208 1126 enim

99 1178 208 1251 iugens
224 1171 357 1232 Nabnmi
382 1172 426 1231 vis
449 1181 479 1230 et
496 1171 581 1248 vigor
603 1171 635 1230 in
660 1169 799 1239 dicend03
825 1187 921 1245 neque
943 1167 1071 1244 intelligi
1093 1173 1208 1242 potest,

103 1275 180 1352 quid
201 1273 288 1332 fuerit
305 1273 387 1350 qnod
403 1272 560 1330 Ewmmus
577 1271 630 1348 (ob
655 1279 782 1333 aetatem
800 1269 928 1328 forsitan
950 1267 1029 1328 vatis
1053 1286 1209 1344 perperam

103 1375 268 1450 definitam)
285 1373 329 1432 ita
344 1372 536 1431 iudicaverit:
561 1391 651 1444 „man
674 1373 766 1430 findet
789 1370 837 1428 bei
862 1369 972 1432 diesem
989 1368 1082 1428 sehon
1099 1387 1137 1426 au
1154 1366 1210 1424 den

101 1482 241 1552 spd'teren
259 1472 448 1550 gehbrenden
463 1473 634 1548 Propheten
656 1471 737 1530 nieht
760 1470 844 1530 mehr
866 1488 901 1529 so
919 1468 979 1528 viel
1001 1468 1103 1526 iuuere
1119 1466 1211 1525 Kraft

100 1577 166 1635 und
187 1575 268 1633 reine
292 1573 550 1644 Gedankenlrille3
577 1573 716 1632 mancbes
732 1569 908 1630 wiederhclt
930 1569 993 1628 sich
1015 1568 1080 1627 hier
1102 1567 1211 1626 bereits

101 1696 160 1736 ans
173 1675 286 1734 ilteren
298 1674 541 1749 Ansspriichen.“
560 1673 662 1732 Habet
678 1679 777 1730 autem
792 1668 908 1728 dicendi
926 1685 1035 1743 genus,
1053 1666 1122 1724 licet
1136 1665 1210 1726 satis

102 1779 223 1853 elegans
241 1775 297 1848 sit,
316 1783 467 1834 austerum
486 1774 600 1850 aliquid
617 1782 707 1849 atque
724 1788 873 1840 severum,
896 1786 950 1826 nee
966 1766 1081 1842 puritas
1099 1763 1210 1822 oratio·

102 1879 152 1937 nis
170 1885 200 1936 et
216 1876 347 1936 brevitas
368 1875 552 1947 lesaianam,
578 1894 668 1952 quam
691 1872 784 1942 aiunt,
808 1868 987 1944 scriptorum
1004 1866 1210 1924 Hebraeorum

101 1986 232 2038 aetatem
255 1976 353 2036 minus
378 1977 439 2034 olet
461 1995 551 2052 quam
574 1974 702 2051 genuina
720 1969 931 2031 sententiarum
954 1967 1072 2044 ipsique
1088 1963 1212 2042 propria

103 2079 199 2150 ratic,
223 2096 317 2154 quae,
340 2076 410 2134 lieet
434 2076 559 2136 aliorum
585 2075 730 2134 interdum
748 2072 914 2129 referantur
931 2067 1099 2138 enuntiata,
1122 2066 1212 2140 longe

103 2180 224 2238 diversa
235 2187 287 2240 est
303 2179 341 2236 ab
360 2195 463 2236 eorum
479 2176 580 2248 libris,
605 2175 656 2252 qui
673 2171 815 2232 Ieremias
839 2170 917 2230 vatis
942 2175 1040 2228 aetate
1059 2163 1211 2224 vaticinati

104 2288 184 2340 sunt.
210 2277 291 2338 Satis
309 2278 415 2336 deiude
433 2285 540 2336 ornata
556 2283 683 2352 apparet
700 2273 796 2330 oratio
811 2267 1054 2328 similitudinibus
1068 2264 1212 2324 audacter

101 2378 266 2451 institutis,
298 2379 387 2437 modo
417 2379 539 2438 brevius
566 2372 750 2448 indigitatis,
780 2369 870 2428 modo
895 2367 992 2428 fusius
1020 2363 1211 2441 explicatis¹3

106 2499 166 2560 quo
185 2481 261 2558 adde
278 2479 439 2540 sententias
456 2475 610 2552 praeclara
622 2470 825 2532 vicissitudine
837 2469 915 2526 inter
933 2486 965 2526 se
978 2439 1109 2524 variatas
1122 2473 1213 2539 atque

107 2581 278 2658 oppositae,
298 2579 451 2640 nominum
468 2593 607 2636 numeros
624 2580 654 2633 et
670 2590 778 2648 genera
796 2567 929 2628 celeriter
942 2581 1091 2639 saepeque
1107 2561 1212 2619 immu-

109 2681 188 2752 tata3
206 2689 322 2756 praeter
339 2687 437 2740 cetera
453 2685 550 2736 autem
569 2673 688 2751 egregia
704 2666 980 2748 paranomasiarnm
1003 2671 1033 2722 et
1056 2662 1212 2720 verborum

107 2785 185 2842 inter
202 2801 233 2842 se
250 2780 454 2842 assonantinm
472 2775 577 2853 copia²
595 2771 803 2850 distinguitur,
826 2787 880 2826 nec
897 2784 957 2827 non
974 2781 1081 2824 vocum
1098 2759 1213 2820 sonitus

109 2885 147 2944 ad
164 2882 376 2942 sententiarum
392 2887 527 2940 naturam
545 2877 625 2936 haud
641 2894 712 2933 raro
734 2872 855 2931 mirifice
877 2866 1013 2943 expressi
1031 2871 1168 2921 ornatum
1185 2868 1215 2918 et

108 2991 293 3044 venustatem
316 2981 455 3040 dictionis
477 2979 667 3054 amplificant.
692 3009 727 3018 —
751 2973 829 3032 Tum
854 2987 926 3028 vero
955 2984 1016 3025 non
1044 2964 1214 3024 universum

110 3085 208 3143 solum
225 3082 397 3142 vaticinium
415 3101 469 3142 suo
488 3079 592 3138 ordine
609 3078 703 3154 probe
720 3075 899 3151 dispositum
916 3077 978 3139 est,
996 3083 1098 3125 verum
1115 3062 1215 3137 singu·

109 3186 156 3244 lae
185 3183 276 3242 etiam
308 3183 452 3243 orationis
480 3188 581 3258 partes
611 3177 772 3238 secundnm
800 3170 1011 3234 sententiarum
1033 3163 1163 3224 indolem
1187 3167 1216 3218 et

111 3287 284 3344 varietatem
309 3285 455 3342 subtiliter
480 3301 575 3358 paene
601 3287 692 3354 atque
716 3274 874 3333 artificiose
898 3266 1026 3327 numeris
1051 3262 1216 3337 descriptae

112 3387 289 3446 exhibentur
295 3406 304 3454 ;
322 3403 380 3461 quo
398 3384 429 3442 in
447 3401 555 3459 genere
572 3378 661 3456 primi
679 3375 867 3452 potissimum
885 3369 991 3444 cepitis
1008 3364 1123 3442 priores
1141 3361 1217 3419 duae

112 3497 213 3564 partes
231 3467 379 3562 egregium
396 3483 541 3560 praebent
558 3479 736 3554 exemplum.
763 3475 898 3548 Utraque
916 3469 993 3527 enim
1012 3466 1143 3544 quinque
1153 3478 1217 3519 ver·

113 3629 314 3639 .-...-...—-—

165 3733 259 3795 1)Gfr.
278 3731 318 3792 11,
336 3747 361 3780 v.
381 3733 420 3780 12.
441 3730 481 3780 13.
498 3727 555 3788 ΙΙΙ,
574 3741 597 3774 v.
617 3722 737 3778 15—17.

165 3821 191 3882 a)
208 3819 260 3868 cfr.
273 3817 333 3880 1,3
355 3810 485 3868 drumm
509 3817 620 3872 norom
646 3809 680 3858 s:
708 3811 783 3862 rann
805 3805 917 3854 emittm
937 3835 966 3849 ..
987 3797 1219 3851 nnnmtumvero

115 3921 139 3952 v·
150 3905 182 3952 10
200 3905 458 3959 turoneum
475 3897 546 3958 11‚2
576 3900 682 3946 unare
711 3893 798 3948 mum
823 3885 882 3934 v.·3
909 3885 1004 3947 supp:
1031 3879 1146 3940 urcem
1175 3867 1220 3919 cfr.

117 3989 194 4036 etiam
210 3985 298 4034 Iesaia
314 3985 485 4048 praestantius
508 3977 571 4030 illud
612 3967 731 4045 npbmi
766 3975 883 4037 opinor
920 3970 998 4030 ΠΡΙἎ
1035 3973 1060 4006 Ι·
1074 3957 1118 4016 113
1136 3954 1220 4014 111,e

117 4076 221 4136 ΠῚΡἹῺ
244 4075 350 4120 ΜΠ)
369 4068 412 4116 all.
447 4069 515 4117 Huic
532 4063 634 4116 dicendi
652 4056 755 4110 ornatui
772 4071 787 4105 e
805 4052 925 4104 Nabumo
944 4047 1050 4108 aliisque
1072 4040 1145 4090 libris
1169 4051 1221 4086 non

118 4158 199 4206 solnm
217 4152 392 4215 conquirendo
409 4167 499 4202 verum
516 4147 670 4215 germanicis
686 4144 765 4194 stiam
784 4137 883 4197 verbis,
906 4138 1029 4198 quantum
1050 4125 1106 4176 lieri
1127 4125 1222 4190 posset,

118 4239 249 4290 reddendo
272 4250 379 4302 operam
396 4235 550 4300 permultam
567 4231 673 4284 navavit
690 4229 876 4280 Hortensium
893 4223 921 4272 in
938 4233 1029 4270 comm.
1044 4222 1070 4266 et
1083 4211 1224 4280 praemisa
1305 4273 1308 4278 Ι

120 4324 286 4389 praefatione.
