2918 5098
515 357 588 419 ΟΑΡ.
602 360 633 433 Ι,
653 380 680 418 ν.
698 365 738 418 12.

575 615 603 654 v.
625 600 665 652 12.

117 744 168 804 Sic
183 745 309 820 loquitur
326 743 485 802 Dominus:
508 746 572 803 lieet
587 748 690 821 intepet
710 747 798 805 etita
814 747 894 804 molti
916 750 985 817 siat,
1009 751 1051 806 ito
1068 767 1177 825 quoque

70 847 232 914 tonduntur,
250 855 277 903 et
294 848 436 904 euoneaet't
452 877 488 888 -
506 855 533 904 et
548 847 614 904 litet
630 847 780 921 asfla‘nera’ta
798 857 836 917 te,
853 865 909 904 non
926 849 1055 923 affligam
1073 859 1099 908 te
1115 868 1177 909 am·

67 949 147 1023 pliaee.
191 945 322 1006 Illustris
339 945 533 1022 interpretum
549 946 685 1006 dissensu
703 965 822 1019 versus,
846 965 882 1006 eo
906 949 1052 1023 maxime,
1077 959 1177 1010 utrum

69 1048 106 1106 ad
121 1047 253 1106 Iudaeos
270 1065 309 1104 an
327 1046 365 1104 ad
383 1046 529 1124 Assyrios
547 1047 594 1106 vel
610 1056 769 1134 utrumque
785 1049 966 1122 membrum,
985 1051 1032 1110 vel
1050 1051 1176 1112 alterum

68 1148 164 1208 solum
180 1147 366 1206 referendum
384 1147 431 1206 sit.
476 1145 560 1222 Nos,
584 1148 656 1226 quid
674 1168 690 1208 e
707 1148 848 1209 stabilitis
872 1169 929 1210 usu
947 1152 1105 1210 verborum
1122 1172 1177 1211 uo-

68 1249 200 1308 tionibus
225 1247 393 1320 elioiamns,
417 1247 592 1309 videbimus.
638 1247 779 1310 Solleune
800 1249 919 1311 vatibus
943 1251 1060 1312 dioeudi
1083 1271 1177 1330 genus

68 1349 96 1408 'tr
108 1365 172 1408 note
185 1365 245 1421 reu,
268 1348 338 1407 lieet
355 1348 472 1421 omnia,
490 1369 567 1426 quae
583 1351 773 1426 praedicant,
792 1351 932 1412 instincta
949 1352 1089 1414 divinitus
1106 1353 1176 1428 sint,

8 1451 9 1456 ’
70 1448 245 1522 tumendo,
276 1467 353 1527 quae
379 1458 556 1526 sequuntur,
587 1451 779 1528 praecipuum
801 1452 920 1528 pondus
943 1461 973 1511 ot
996 1453 1175 1532 grovitatem

68 1551 164 1622 addit,
192 1549 340 1628 mmulque
356 1535 480 1610 animos¹
490 1559 568 1610 metu
591 1553 745 1627 perculsos
767 1553 807 1612 ad
829 1570 912 1628 spem
936 1552 1042 1614 salutis
1057 1555 1176 1614 sortiter

68 1650 301 1727 amplectendam
319 1649 422 1712 divina
438 1648 551 1711 excitat
567 1652 753 1712 auctoritato.
788 1647 898 1715 nimiu
916 1652 993 1712 toni.
1007 1654 1069 1713 Kal
1087 1673 1175 1714 unam

66 1753 155 1810 habet
170 1759 366 1827 potestatem:
389 1751 537 1829 integrum
554 1771 636 1826 esse,
654 1771 709 1812 neo
725 1771 809 1814 aeone
826 1753 886 1813 adi.
902 1747 971 1844 ὡς)
994 1773 1061 1813 eum
1078 1764 1174 1828 notat,

68 1853 111 1910 oni
136 1852 213 1910 nihil
237 1852 333 1925 deest,
356 1851 520 1930 integrum
550 1853 603 1912 ofr.
628 1853 765 1930 exemplo
787 1855 948 1932 probantia
973 1855 1068 1914 multa
1093 1857 1174 1933 apud

68 1951 271 2013 Gousssrnnt
295 1972 326 2029 p.
346 1956 412 2011 1645
431 1971 471 2012 ss.
522 1954 657 2013 Afferunt
684 1955 803 2032 quidem
828 1954 945 2016 Gusun.
968 1955 1118 2017 Handwb.
1144 1966 1175 2016 et

67 2054 169 2113 Meum
175 2053 328 2116 Hendwb.
336 2054 488 2113 notionem
500 2054 628 2130 panifici,
643 2056 819 2132 praesertim
832 2057 883 2115 ubi
894 2057 1011 2134 legatur
1024 2057 1116 2118 ’.Τῦν
1125 2056 1172 2136 ἠ),

67 2156 96 2212 iu
113 2173 188 2231 peoe
205 2174 271 2216 oum
289 2155 344 2213 deo
361 2155 477 2227 vivere;
502 2163 534 2214 at
550 2156 665 2214 monuit
681 2156 741 2216 iam
759 2157 893 2218 Knmus
910 2158 948 2218 ad
968 2163 981 2215 1
996 2158 1071 2235 Reg.
1086 2156 1170 2231 VIII,

67 2261 81 2314 6
87 2277 96 2327 ;
121 2255 184 2328 XI,
202 2261 236 2328 43
260 2255 331 2328 XV,
348 2259 375 2314 3.
392 2261 410 2314 4
433 2255 600 2333 significare
616 2256 717 2332 potius
739 2258 871 2318 animum
895 2259 953 2318 soli
970 2258 1102 2318 Domino
1120 2257 1171 2317 do·

67 2356 176 2430 ditum,
200 2375 255 2416 neo
276 2356 353 2414 inter
375 2357 506 2416 seculum
523 2357 669 2435 deumque
690 2377 881 2434 suspensum3
906 2359 1044 2437 idemque
1066 2376 1172 2418 sensns

66 2457 276 2534 praeferendus
292 2464 355 2530 est,
374 2458 425 2516 ubi
442 2459 525 2518 deest
541 2457 660 2536 quidem
677 2458 788 2532 ἠ’ῦν,
807 2459 859 2517 sod
877 2477 893 2517 e
910 2479 990 2518 nexu
1007 2458 1172 2518 sententia-

66 2579 130 2617 rum
150 2558 276 2617 Domini
299 2558 442 2635 cogitatio
464 2569 590 2635 apparet
612 2575 678 2618 esse
701 2559 881 2634 supplenda:
912 2559 1017 2635 2Reg.
1031 2558 1110 2630 XX,
1135 2562 1170 2629 33

68 2659 195 2719 lPerul.
208 2659 362 2732 XXVIII,
380 2663 413 2731 93
439 2658 570 2719 iParal.
584 2657 676 2731 XVI,
694 2663 710 2717 9
732 2658 817 2736 (XV,
837 2663 868 2716 17
892 2677 971 2718 mere
994 2655 1057 2718 est:
1088 2657 1170 2716 ineo—

66 2760 185 2839 lumis),
207 2760 260 2818 cfr.
278 2759 336 2819 Ies.
350 2760 537 2833 XXXVIII,
555 2763 587 2818 3:
614 2760 685 2832 „fao
700 2758 917 2834 reminiscens,
935 2779 983 2818 me
999 2757 1170 2819 ambulasse

68 2861 96 2918 iu
114 2869 274 2938 conspeetu
290 2867 343 2918 tuo
359 2860 392 2918 iu
408 2861 535 2920 veritato
559 2869 589 2920 et
613 2880 678 2921 oum
703 2860 803 2919 animo
826 2860 942 2938 integro
950 2865 987 2944 ;¹“
1013 2879 1068 2919 neo
1090 2878 1170 2918 oom-

67 2961 208 3020 mntanda
224 2961 402 3039 significatio
419 2971 465 3021 est
482 2959 558 3022 Gen.
572 2961 723 3035 XXXIV,
741 2967 790 3020 ila
826 2969 963 3035 „suntne
980 2961 1037 3021 viri
1054 2961 1099 3019 illi
1116 2979 1170 3020 no·

67 3061 178 3122 bisoum
195 3069 260 3120 toto
278 3081 316 3121 ex
334 3062 479 3120 ιιιιίιιιοῖιι
519 3062 680 3140 Integritas
704 3071 802 3122 autem
820 3063 927 3122 dieitur
949 3081 1010 3122 uon
1027 3064 1064 3122 ds
1081 3061 1171 3120 mori·

67 3163 134 3231 bus,
153 3161 207 3222 ssd
224 3163 261 3220 de
277 3181 417 3236 numero,
434 3163 479 3222 uti
495 3167 579 3238 patet
595 3156 838 3241 exsequentibus
859 3179 931 3224 utun
946 3176 1003 3240 tur.
1029 3162 1082 3225 sin
1099 3164 1173 3223 baeo

67 3264 147 3322 verbi
165 3263 249 3322 notio
266 3269 327 3336 est,
354 3263 458 3323 referri
479 3263 561 3322 nullo
585 3263 674 3322 modo
697 3264 736 3323 ad
752 3264 880 3323 Iudaeos
898 3271 1013 3338 potest;
1039 3264 1082 3322 uti
1104 3283 1172 3341 per·

65 3383 166 3440 peram
183 3363 273 3423 vertit
289 3364 413 3424 lomus:
443 3363 493 3437 „si
513 3381 617 3441 paoem
640 3363 806 3424 voluissent
822 3361 986 3440 (metum),
1013 3363 1063 3422 ita'
1082 3363 1171 3422 etlam

67 3465 149 3524 multi
166 3464 312 3537 fuissent,
330 3473 382 3524 aut
398 3465 525 3525 luissent
540 3465 585 3524 ite
601 3464 695 3537 tonsi,
713 3471 746 3522 ut
759 3462 949 3522 nandrieset
957 3461 1132 3542 (Assyrius)
1139 3465 1169 3521 1“

67 3566 124 3640 vel,
144 3574 178 3624 ut
194 3565 379 3625 tolerabilius
396 3565 573 3626 Knunsurr
599 3564 647 3638 „si
664 3565 779 3624 siuoore
795 3582 843 3622 me
860 3561 1036 3637 uoluissent,
1055 3564 1123 3622 ideo
1142 3571 1172 3622 et

67 3675 202 3744 potentes
223 3666 375 3726 fuissent“
392 3676 447 3726 ete.
482 3665 589 3745 Neque
605 3683 676 3724 vero
700 3685 766 3725 oum
783 3664 930 3723 Manono
952 3663 996 3722 ita
1011 3665 1171 3724 referemus

67 3769 102 3826 ad
119 3766 268 3844 Assyrios
283 3768 389 3827 verbo:
416 3767 464 3842 „si
481 3766 581 3845 paoati
597 3774 682 3841 sunt,
699 3785 774 3842 paoe
790 3765 853 3824 alta
870 3769 961 3842 etque
976 3763 1046 3823 bino
1064 3765 1171 3824 fluente

67 3867 263 3944 prosperitate
286 3868 367 3928 omni
389 3868 546 3928 fruentes“
565 3877 637 3941 eto,
661 3867 693 3927 id
718 3865 798 3946 qnod
822 3887 841 3926 a
863 3883 935 3924 vero
952 3865 1034 3925 vocis
1050 3865 1173 3924 notione

66 3969 224 4028 abhorrere
240 3968 368 4029 vidimus
379 3970 400 4028 ¹:
441 3969 593 4046 Expedita
613 3968 759 4028 enuntiati
781 3968 859 4028 ratio
877 3975 936 4026 est:
967 3965 1036 4026 lieet
1064 3967 1172 4045 integri

67 4069 124 4128 siut
141 4070 276 4148 Assyrii,
302 4069 391 4132 etita
407 4070 507 4144 multi,
527 4079 582 4130 oto.
625 4083 721 4146 tati:
740 4090 758 4128 a
776 4071 942 4129 ansfltuo
961 4078 1039 4128 reote
1062 4069 1106 4130 sio
1122 4069 1172 4129 da·

119 4311 141 4372 1)
158 4313 301 4364 Fraudatus
319 4314 335 4363 l.
349 4314 365 4362 l.
385 4331 409 4378 p.
421 4315 455 4365 30
467 4329 499 4364 ss.
519 4315 612 4364 collato
630 4299 706 4399 plu,
730 4316 812 4378 speeie
831 4314 942 4378 quadem
961 4315 1059 4366 arboris
1077 4316 1171 4367 aculeis

65 4397 170 4458 insigni,
187 4399 325 4462 Imaginem
344 4400 474 4462 spinarum
495 4413 602 4449 eversu
622 4401 690 4449 pomo
709 4398 844 4462 repetitam
864 4400 1003 4449 existimat.
