2918 5098
555 265 629 326 Ons.
643 267 689 340 ll,
709 287 736 326 v.
750 271 776 324 3.
1175 264 1221 333 55

92 451 248 510 Ceterum
273 459 408 527 respecta
430 471 449 509 a
473 459 541 510 vate
564 461 633 511 sunt
654 451 769 512 Iesaiac
792 451 884 510 verba
906 449 978 525 LII,
1004 457 1034 510 8:
1063 453 1220 530 „iubilant

93 571 174 610 nam
194 551 285 611 oculo
302 551 334 608 in
351 551 469 610 oculum
486 552 587 612 vident
604 551 765 610 Dominum
785 561 979 612 revertentem
997 555 1035 613 ad
1052 555 1143 626 Zion3
1154 560 1173 589 “
1191 555 1221 614 id

95 653 189 730 quod
207 671 270 710 non
287 652 480 728 negabimus,
504 653 592 712 modo
609 653 737 729 primum
754 653 850 712 nostri
876 653 984 730 oapitIs
1002 673 1120 716 versum
1145 655 1221 714 indi·

96 749 171 812 dem
191 753 351 828 repetitum
373 771 439 812 esse
460 755 636 814 recolamus.

152 853 346 929 Pergendum
368 862 467 912 autem
490 856 529 912 ad
547 873 612 914 eam
630 854 834 932 quaestionem
858 863 919 927 est,
944 854 1085 932 quidemn
1108 864 1220 914 utrum-

100 975 166 1032 que
184 953 245 1014 sibi
262 971 369 1012 nomeu
387 953 472 1026 velit,
496 955 587 1014 Iacob
605 964 635 1014 et
651 954 761 1028 Israe13
785 962 913 1032 possunt
937 964 989 1015 sut
1006 955 1138 1029 diuersa,
1168 965 1220 1014 aut

100 1056 187 1114 idem
205 1054 381 1131 significare
408 1056 437 1132 l)
455 1055 502 1114 De
519 1063 647 1134 utroque
664 1075 755 1134 regno
774 1056 849 1128 diui,
868 1056 991 1116 Iudaico
1009 1057 1220 1132 etEphraimi·

103 1155 188 1228 tico,
215 1156 391 1230 interpretes
417 1156 507 1232 longe
531 1157 651 1234 plurimi
670 1165 845 1216 statuerunt.
884 1156 991 1236 Neque
1013 1177 1085 1216 vero
1109 1158 1219 1216 infitias

105 1275 232 1328 eamus,
256 1263 382 1333 utroque
403 1257 548 1332 primaevi
566 1258 661 1334 patris
679 1259 813 1332 nemine,
837 1258 907 1318 licet
923 1258 960 1318 de
977 1259 1116 1318 unirersa
1133 1267 1220 1336 gente

104 1355 233 1433 proprie
256 1355 370 1429 valeat,
401 1375 491 1433 posse
514 1359 638 1418 alteram
661 1359 865 1418 tantummodo
896 1369 1012 1436 partem
1038 1360 1219 1435 nuncupari3

104 1458 201 1535 idque
220 1475 254 1514 co
271 1458 305 1516 fit
321 1455 453 1530 facilius,
475 1460 559 1536 quod
576 1459 728 1519 Iudaicum
750 1478 872 1536 regnum
884 1457 1014 1536 ingenio
1041 1468 1070 1518 ct
1086 1461 1219 1519 moribus

106 1567 137 1616 et
161 1557 263 1634 regiae
288 1557 420 1617 familiae
442 1559 553 1634 pietate
580 1561 620 1618 ad
652 1560 874 1620 universitatem
901 1561 1006 1636 populi
1034 1561 1218 1619 referendam

105 1658 235 1735 propius
252 1659 391 1732 accessit,
406 1679 531 1718 numero
548 1667 647 1719 autem
665 1667 695 1718 et
707 1659 881 1720 extensione
889 1658 1137 1736 Ephraimiticum
1148 1660 1216 1734 (cfr.

107 1752 200 1818 mich.
214 1759 245 1832 I,
259 1757 304 1836 5);
322 1759 374 1817 vin
392 1769 490 1818 autem
508 1761 586 1820 ullus
602 1761 770 1819 inveniatur
783 1761 885 1833 locus,
903 1760 955 1818 ubi
966 1761 1056 1818 Iacob
1070 1769 1100 1818 et
1113 1760 1217 1830 Israel,

108 1860 193 1918 nulla
210 1860 272 1918 alia
288 1851 455 1920 desistente
472 1870 558 1934 nota,
577 1861 637 1920 tale
654 1861 727 1939 quid
744 1859 912 1937 significare
925 1861 1089 1920 videantur.
1113 1861 1217 1937 Longe

107 1961 188 2020 enim
206 1959 267 2020 alia
282 1961 360 2020 ratio
379 1961 582 2038 exemplorum
600 1974 646 2022 est
661 1962 753 2021 veluti
771 1959 908 2022 Obadiae
926 1983 953 2021 v.
969 1967 1009 2020 17.
1030 1965 1077 2035 18,
1096 1962 1146 2020 ubi
1164 1963 1217 2020 do·

108 2062 171 2122 mui
189 2061 293 2120 Iacobi
311 2055 473 2138 opponitur
484 2062 605 2139 Iosephi
622 2064 737 2123 domus.
763 2065 810 2122 Aa
825 2063 896 2122 licet
911 2063 1064 2140 ingeniose
1077 2062 1217 2122 Unum-

109 2179 179 2223 rws
196 2172 354 2240 utrumque
377 2181 483 2222 nomen
497 2173 616 2234 'nostro
633 2165 701 2224 loco
725 2165 792 2223 ideo
817 2164 950 2241 positum
971 2183 1037 2224 esse
1054 2173 1214 2235 asseveret,

111 2283 188 2338 „um
221 2263 275 2323 mit
308 2263 417 2323 diesem
450 2265 623 2340 gethcilten,
659 2266 731 2324 aber
760 2265 836 2323 doch
871 2265 1076 2342 urspringIIoh
1112 2267 1215 2324 sinen

109 2365 338 2442 Doppelnamen
351 2365 410 2424 suf
425 2366 472 2424 dle
489 2365 960 2424 wiederhsrzustellendeEinheit
976 2365 1028 2425 des
1044 2373 1215 2441 getrenntcn

111 2467 226 2525 Volkes
243 2466 480 2524 hinzudeuten:“
499 2476 598 2525 temen
614 2465 813 2526 restituendae
830 2465 984 2543 utriusque
997 2465 1081 2540 regni
1094 2466 1215 2524 unitatis

111 2577 140 2626 et
157 2567 263 2628 salutis
280 2567 436 2643 cogitatio,
456 2576 528 2626 nota
544 2568 597 2625 illa
615 2567 733 2644 quidem
751 2575 781 2624 ct
798 2565 955 2641 explorata
974 2564 1129 2640 prophetis
1146 2563 1214 2638 (cfr.

113 2669 236 2728 collecta
252 2669 369 2745 aliquot
385 2669 523 2745 exempla
539 2689 558 2726 a
575 2667 731 2726 Cnsesmo
747 2683 852 2724 comm.
870 2666 900 2722 in
920 2664 1069 2724 Obadiam
1092 2685 1121 2741 p.
1141 2666 1214 2742 12⁷),

115 2789 134 2827 a
149 2769 288 2828 Nahumc
305 2769 393 2846 longe
410 2771 510 2842 abest,
534 2769 645 2847 quippe
667 2768 719 2845 qui
741 2785 795 2843 per
818 2785 934 2824 omnem
960 2765 1092 2824 libellum
1118 2766 1214 2825 solum

112 2870 254 2947 respiciat
276 2870 397 2943 Iudam,
422 2891 477 2930 nec
499 2870 640 2928 lsraelem
663 2890 700 2927 ne
722 2869 936 2945 praetereundo
961 2867 1079 2945 quidem
1097 2873 1213 2943 tangat.

112 2973 143 3049 2)
163 2971 365 3030 Praeferenda
386 2971 477 3047 igitur
500 2971 710 3029 nonnullorum
732 2970 935 3045 interpretatio
959 2969 1028 3041 crit,
1060 2969 1112 3046 qui
1136 2969 1215 3026 idem

112 3081 217 3131 notare
229 3068 373 3130 Iacobum
385 3081 414 3129 et
426 3072 567 3130 Israelem
581 3081 715 3145 censent,
731 3071 876 3144 (isuram,
891 3070 1051 3142 Lernam,
1063 3070 1214 3141 Versum,

112 3173 244 3246 Buasu,
261 3189 304 3230 os
321 3171 420 3245 Duru,
440 3170 574 3245 Gusvn,
593 3171 806 3243 Sonursonu13
825 3173 882 3230 cln·
896 3173 947 3230 Ps.
965 3165 1145 3244 LXXVIII,
1164 3175 1214 3242 213

112 3291 208 3352 neque
230 3293 302 3334 vero
324 3292 423 3333 merus
444 3273 634 3350 pleonasmus
657 3282 717 3344 est3
743 3273 803 3332 imo
828 3271 999 3342 discrimen,
1023 3273 1104 3348 quod
1127 3274 1214 3330 inter-

113 3376 205 3449 cedit,
224 3377 299 3433 beuc
314 3375 469 3452 perspexit
486 3373 656 3433 Guumnus:
680 3361 789 3432 ἶστεὸν
811 3365 864 3443 δὲ,
886 3361 939 3430 ὅτι
960 3364 1000 3430 τὸ
1020 3363 1081 3447 μὲν
1098 3359 1216 3448 Ἰακώβ

114 3462 220 3554 ὄνομα
241 3464 308 3535 ὑπὸ
329 3471 395 3534 τῶν
416 3467 570 3556 πατέρων
597 3467 699 3554 seseq
725 3470 774 3553 τῷ
798 3461 926 3550 Ἰακὼβ,
955 3463 993 3532 τὸ
1023 3463 1060 3530 δὲ
1081 3458 1215 3552 Ἰσραὴλ

113 3565 181 3637 ὑπὸ
209 3571 271 3636 τοῦ
292 3572 395 3646 θεοῦ,
425 3561 625 3655 ἀμφοτέρων
650 3565 687 3632 δὲ
708 3569 774 3630 τῶν
801 3560 971 3648 ὀνομάτων
997 3563 1169 3646 μετέλεχεν
1196 3561 1215 3628 ὃ

114 3669 150 3749 ἒξ
165 3664 286 3752 Ἰακὼβ
306 3663 404 3748 lude,
426 3675 582 3734 Burnus:
601 3672 840 3751 „Magnificentius
856 3670 991 3744 Israelis,
1011 3671 1215 3730 nominedIvi-

114 3778 193 3836 nitus
220 3776 306 3850 dato,
331 3776 427 3840 maior
449 3783 495 3836 est
517 3796 606 3854 quam
630 3774 848 3852 magnificentia
870 3772 986 3845 lacobi,
1011 3772 1163 3830 ordinaria
1186 3782 1216 3831 et

115 3877 201 3956 qussi
218 3877 395 3938 naturalis.“
427 3877 511 3935 Haec
533 3877 624 3954 Igitur
646 3877 804 3936 verborum
822 3873 968 3934 sententia
985 3883 1043 3933 est:
1066 3873 1216 3932 Dominus

114 3977 272 4039 revertitur
289 3979 327 4036 ad
345 3979 433 4037 decus
450 3978 570 4051 IacobI,
597 3980 709 4038 sedita
725 3977 895 4049 revertitur,
918 3985 954 4046 ,ut
967 3983 1115 4053 -upparcst
1131 3975 1216 4034 Iaco-

115 4081 183 4138 bum
197 4098 263 4139 esse
276 4080 432 4152 lsraelem,
452 4099 579 4156 quocum
591 4081 696 4138 foedus
709 4080 778 4138 fecit
790 4078 1023 4150 sanctissimum,
1042 4077 1089 4136 eui
1102 4095 1217 4136 summa

116 4201 250 4260 quaeque
267 4179 420 4257 promisit,
451 4199 555 4258 quem,
584 4182 652 4240 licet
677 4179 867 4256 castigaverit
889 4187 1077 4255 peccatorum
1099 4197 1216 4250 caussa,

116 4293 212 4342 tamen
231 4283 429 4358 omnipotenti
446 4301 535 4342 manu
552 4283 710 4342 ulciscitur.
733 4281 846 4340 Eadem
864 4280 924 4340 iere
941 4281 1104 4356 particulae
1125 4295 1145 4340 3
1163 4299 1216 4354 po-
