2966 5090
283 287 307 356 4
732 290 804 350 One.
818 290 850 362 Ι,
870 309 896 348 v.
914 293 937 347 1.

286 479 370 556 plum
389 483 434 536 est
449 480 461 532 1
478 475 579 534 Paral.
587 474 658 546 XV,
676 478 724 546 273
743 475 794 534 ubi
812 476 945 546 luerunt,
964 472 1014 550 qui
1032 469 1206 548 prophetiae
1224 471 1272 530 vel
1289 479 1390 530 cantus

284 597 401 639 sensum
419 576 548 653 flagitari
567 585 738 636 asseverent
751 577 864 648 verbis,
884 573 1024 632 commoti
1037 570 1164 631 forsitan
1186 593 1213 630 v.
1234 585 1390 643 bitumum,

285 679 367 758 quod
393 677 442 738 bis
465 677 517 736 ille
541 695 645 736 versus
669 677 768 736 habet.
804 677 939 753 Utraque
963 682 1062 732 autem
1083 672 1184 732 versio
1209 690 1279 731 suas
1303 671 1392 730 habet
1461 691 1462 746 t

286 799 347 838 non
365 779 555 838 difficultates
571 777 686 850 solum,
709 797 811 836 verum
835 795 960 836 errores.
995 773 1076 833 Nam
1092 773 1169 845 illis,
1195 772 1247 850 qui
1263 773 1389 847 propbe-
1461 755 1462 814 l

284 879 357 940 tiam
375 879 561 954 intelllgunt,
587 879 661 936 bene
684 870 840 955 re'spondit
856 875 914 937 (311.
931 877 967 936 B.
985 875 1161 935 annams
1184 873 1215 930 in
1233 891 1301 932 ann.
1321 873 1387 930 ubb.
1461 893 1462 910 ¹

284 980 458 1058 prophetias
475 977 643 1038 recitandas
660 979 821 1058 secundum
835 977 983 1055 cap.XVI
999 973 1229 1052 praescripsisse
1241 991 1302 1030 non
1316 971 1388 1032 Che·

284 1081 420 1152 naniam,
437 1079 489 1136 sed
506 1077 668 1150 Davidem
686 1078 724 1138 iis
737 1099 823 1153 vero,
842 1079 893 1156 qui
911 1078 947 1136 de
960 1085 1049 1136 cantu
1062 1075 1205 1153 cogitant,
1221 1073 1390 1132 universum

284 1180 391 1257 capitis
408 1187 611 1255 argumentum
628 1179 758 1239 maxime
775 1179 956 1238 contrarium
979 1185 1040 1249 est;
1063 1195 1099 1235 ac
1122 1175 1296 1252 pracsertim
1314 1195 1343 1232 v.
1357 1179 1389 1232 22

284 1279 437 1341 Chenania
447 1279 596 1338 inducitur
608 1288 750 1357 tanquam
763 1280 813 1340 'cn
824 1274 924 1346 nunu
937 1295 1000 1351 tm,
1015 1277 1117 1337 addita
1129 1276 1257 1338 muneris
1269 1294 1388 1336 caussa:

285 1381 432 1454 „docebat
456 1379 669 1456 gestationem,
694 1379 766 1457 quia
788 1379 851 1438 eius
875 1387 939 1437 eret
962 1378 1107 1453 peritus.“
1148 1378 1230 1436 Inter
1253 1385 1388 1434 cantores
1462 1409 1463 1452 ,

284 1489 381 1542 autem
396 1479 524 1540 Davidis
539 1478 692 1540 Chenania
708 1499 761 1538 nec
778 1501 806 1538 v.
823 1482 921 1536 16-21
941 1499 995 1538 nec
1012 1480 1073 1538 ullo
1091 1479 1150 1538 alio
1167 1478 1294 1536 refertur
1311 1477 1385 1547 loco,

285 1583 363 1653 imo,
388 1580 469 1640 facta
486 1581 548 1640 eius
573 1581 721 1640 mentione
739 1602 767 1641 v.
781 1584 830 1652 22,
855 1591 1019 1657 sequuntur
1043 1600 1129 1639 arcae
1146 1579 1266 1638 divinae
1282 1577 1386 1637 ianito-

181 1720 189 1739 .
284 1701 349 1754 res3
373 1691 403 1740 et
429 1681 562 1740 baiulare
584 1701 684 1740 arcam
701 1682 873 1742 levitarum
896 1689 977 1752 erat,
1004 1682 1056 1740 cfr.
1076 1701 1103 1739 v.
1118 1685 1144 1740 2.
1165 1683 1211 1752 153
1229 1675 1321 1742 Num.
1335 1679 1387 1750 IV,

284 1805 312 1842 v.
326 1787 367 1840 19.
379 1787 422 1840 24.
432 1787 474 1841 27.
483 1786 525 1841 31.
535 1786 577 1840 32.
588 1787 678 1840 Iane
691 1783 823 1858 (antam
838 1783 962 1858 natvm),
980 1781 1107 1857 denique
1119 1780 1245 1838 iParal.
1256 1779 1389 1850 XXXV,

284 1889 302 1941 3
319 1883 453 1942 Davides
469 1881 590 1943 Levitae
607 1882 689 1939 iubet
706 1899 850 1957 seponere
867 1899 965 1940 arcam
983 1882 1012 1940 in
1030 1881 1157 1957 templo,
1183 1900 1242 1953 „ne
1258 1881 1319 1938 iam
1338 1882 1390 1940 hn-

285 1983 375 2046 merIs
392 2001 494 2040 eorum
511 1981 594 2040 oneri
610 1985 711 2040 esset“
729 1996 816 2056 nunu
832 1995 904 2040 nme
918 1976 977 2042 025
996 1994 1049 2056 pet.
1085 1980 1193 2058 Neque
1209 2000 1279 2040 vero
1297 1981 1390 2040 offen·

287 2083 383 2144 dimur
401 2101 452 2154 eo,
478 2081 558 2158 quod
582 2091 651 2140 ante
667 2081 850 2140 Chenaniam
874 2087 903 2138 et
925 2089 997 2155 post
1017 2100 1083 2139 eum
1107 2101 1135 2140 v.
1149 2086 1182 2138 27
1206 2081 1332 2158 legimus
1355 2083 1391 2140 de

285 2183 472 2254 cantoribus3
490 2201 558 2240 nam
573 2203 600 2244 v.
612 2187 642 2240 li
656 2201 697 2242 ss.
716 2181 892 2240 describitur
908 2197 1036 2256 pompae
1052 2201 1155 2248 sacrae
1172 2183 1262 2253 ordo,
1281 2183 1312 2238 in
1330 2203 1390 2260 quo

285 2293 421 2344 cantores
446 2295 476 2344 et
491 2283 597 2342 musici
618 2283 799 2360 praecedunt
820 2290 850 2339 et
873 2290 1035 2356 sequuntur
1052 2301 1151 2341 arcam
1174 2302 1193 2340 a
1208 2281 1324 2342 Levitis
1339 2303 1391 2361 ge·
1464 2291 1465 2312 ³

285 2391 412 2456 statam3
436 2405 464 2443 v.
478 2388 511 2442 at
536 2384 661 2454 amictus
678 2381 806 2442 Davidis
831 2389 860 2440 et
876 2380 1057 2458 reliquorum
1075 2384 1178 2446 eodem
1200 2383 1262 2440 fere
1287 2384 1390 2444 ordine

285 2485 420 2556 additur3
451 2485 577 2566 alterum
604 2492 701 2546 antem
730 2499 876 2544 ninneton
898 2471 1084 2554 denudemus
1111 2483 1240 2561 positum
1269 2493 1325 2544 est.
1354 2517 1390 2528 -

284 2587 318 2664 b)
341 2586 405 2644 Iam
433 2605 503 2645 vero
527 2594 645 2648 constat
668 2585 746 2646 inter
769 2602 871 2644 omnes
894 2583 993 2650 oneris
1016 2592 1168 2660 potestas,
1192 2584 1242 2642 ubi
1264 2586 1390 2662 proprio
1465 2649 1466 2672 χ

285 2704 376 2748 sensu
392 2685 502 2765 legitur
518 2706 566 2746 ex.
580 2705 625 2765 gr.
643 2692 659 2744 2
673 2687 748 2764 Reg.
762 2686 801 2750 V.
818 2689 866 2756 21;
884 2683 961 2744 Neh.
975 2685 1069 2758 XIII,
1089 2688 1130 2744 15.
1150 2690 1194 2757 193
1212 2685 1270 2744 Ies.
1284 2686 1389 2760 XXII,
1465 2673 1466 2726 l

284 2792 318 2846 25
332 2787 389 2860 al.,
418 2805 553 2846 necnon
575 2787 626 2846 ubi
645 2787 823 2846 transfertur
839 2802 893 2859 per
917 2783 1139 2842 similitudinem
1165 2787 1204 2844 ad
1221 2787 1389 2846 molestiam
1465 2771 1466 2774 ¹

285 2896 315 2946 et
340 2905 481 2947 nauseam
507 2886 712 2956 indicandam,
744 2882 855 2944 iSarn.
869 2883 940 2954 XV,
962 2887 1012 2954 333
1034 2884 1090 2942 Iob
1103 2885 1179 2960 VH,
1202 2891 1251 2958 203
1276 2885 1388 2946 iSam.

284 2987 380 3058 XIX,
396 2989 439 3044 36.
465 2985 668 3044 Nihilominus
686 2983 785 3042 oneris
802 2981 961 3060 Imaginem
972 2982 1145 3059 improbant
1156 2985 1187 3046 in
1201 2988 1390 3048 oraculorum

283 3085 378 3144 titulis
400 3083 578 3156 adversarii,
604 3103 639 3144 ac
656 3083 785 3160 primum
808 3083 943 3159 quidem,
970 3087 1001 3163 1)
1017 3087 1096 3163 quod
1113 3087 1287 3164 inscriptum
1312 3089 1390 3150 eius·

283 3184 365 3245 modi
383 3183 472 3242 etiam
487 3182 637 3244 vaticiniis
654 3183 710 3257 sit,
736 3202 813 3262 quae
834 3203 895 3247 nou
918 3183 978 3244 sint
1001 3186 1144 3246 minantia
1161 3187 1390 3268 (urrunnun),

282 3284 374 3349 veluti
391 3282 480 3347 Sach.
493 3284 571 3358 XII,
591 3289 620 3358 13
643 3283 727 3346 cuius
742 3293 947 3362 argumentum
963 3287 1037 3347 satis
1053 3288 1259 3350 existImamus
1275 3309 1391 3367 „grave
1464 3337 1466 3360 ,

283 3395 313 3447 et
341 3385 483 3463 ponderis
512 3385 685 3464 laborisque
712 3386 833 3463 plenum
841 3391 860 3420 “
890 3406 964 3448 esse.
1018 3388 1104 3450 Haec
1130 3398 1228 3451 autem
1253 3391 1390 3451 vaticinii

282 3487 398 3548 indoles
410 3485 567 3546 manifesta
579 3487 755 3565 apparet-si
762 3487 888 3556 Israelis
899 3489 1018 3548 nomine
1030 3484 1202 3565 (rencs-bn
1219 3489 1250 3549 'n
1265 3507 1323 3552 aar
1343 3493 1390 3572 ’2)

282 3606 342 3646 non
360 3605 433 3665 gens
450 3605 536 3649 sacra
552 3588 698 3662 foederis,
722 3588 773 3656 sed
790 3588 900 3648 inimici
918 3589 1058 3651 ecclesiae
1075 3589 1222 3666 designati
1239 3590 1389 3666 videntur,
1465 3599 1466 3602 ’

282 3688 325 3748 uti
354 3687 507 3750 existimat
534 3689 692 3752 Hanesra.
719 3687 859 3758 Christol.
872 3689 918 3764 II,
943 3709 972 3767 p.
987 3695 1121 3761 2728113.
1136 3690 1281 3766 pernicies
1308 3693 1390 3752 enim

279 3797 406 3867 propter
419 3789 604 3853 inimicitiam
615 3789 894 3866 Hierosolymorum
911 3791 1048 3866 gentibus
1064 3789 1219 3852 imminens
1232 3811 1286 3867 per
1300 3811 1391 3852 omne

279 3891 336 3949 hcc
360 3891 512 3949 oraculum
535 3889 721 3950 describitur.
748 3881 813 3950 'Sin
830 3889 890 3948 alia
906 3890 985 3950 tituli
1001 3889 1079 3950 ratio
1096 3899 1156 3965 est,
1175 3899 1205 3952 et
1220 3892 1332 3966 Israel,
1355 3903 1392 3952 ut

280 4009 398 4066 semper
413 3989 489 4063 fere,
514 3990 656 4065 populum
675 3990 822 4067 significat
839 3990 1005 4050 universum
1024 4025 1061 4034 -
1079 4011 1156 4069 quae
1171 4010 1255 4050 suam
1273 3992 1390 4070 etipsa

278 4087 588 4166 defensioncm‘habet
605 4089 784 4168 explicatio,
809 4089 878 4148 licet
894 4090 1048 4151 intricatas
1065 4090 1172 4168 capitis
1189 4092 1278 4151 etiam
1295 4113 1389 4152 exau-

278 4199 348 4265 geat
372 4187 562 4249 difficultates
584 4210 634 4248 -:
666 4190 764 4249 cuens
794 4201 891 4250 tamen
922 4191 1078 4270 inscriptio
1109 4211 1166 4251 non
1195 4193 1293 4252 minus
1318 4194 1387 4252 iden

278 4287 501 4365 comprobatur.
538 4289 617 4365 Quid
636 4291 711 4350 enim
730 4291 851 4366 gravius
875 4298 920 4352 est
942 4291 1059 4352 funesta
1081 4293 1224 4368 fratrum,
1248 4293 1340 4372 Iudae
1359 4305 1389 4354 ct
