2918 5098
270 276 317 344 cs
678 274 969 348 marnac-n.

270 467 326 526 erit
342 473 427 524 retus
444 461 517 520 illud
536 460 610 520 artis
627 461 861 519 hermeneuticae
885 465 1092 536 praeceptum,
1119 459 1200 535 quod
1222 460 1379 534 proprium

270 585 389 627 sensum
410 582 446 623 ac
467 561 612 620 literalem
635 569 716 619 arcte
738 561 896 618 tenendum
924 562 1009 618 docet
1033 579 1130 636 neque
1152 560 1378 636 relinquendum

270 687 349 741 esse,
374 665 432 724 nisi
456 663 632 722 necessitate
651 670 781 738 urgente.
818 661 948 720 Gravius
967 661 1044 718 enim
1063 680 1153 736 quarn
1170 661 1248 718 alias
1267 660 1379 719 dissen-

270 769 346 830 tiunt
363 768 548 841 interpretes,
565 763 662 838 prima
685 761 874 838 potissimum
897 763 1109 820 verbautrum
1133 761 1261 837 proprio
1293 780 1378 820 sensu

270 868 443 944 accipienda
460 885 499 924 an
517 864 662 924 translato
680 863 851 934 videantur3
875 882 944 921 nam
968 863 1004 920 de
1027 863 1122 920 altero
1139 863 1277 922 membro
1297 863 1379 920 dubi-

271 970 328 1036 tari
346 969 396 1028 diu
413 986 473 1024 uon
490 983 595 1042 posse,
613 972 720 1042 postea
736 963 902 1040 apparebit.
922 965 1022 1040 Atque
1040 981 1143 1022 omnes
1154 963 1293 1040 quidem,
1306 981 1380 1040 quae

270 1069 473 1139 inveniuntur,
498 1065 712 1142 interpretandi
734 1065 865 1124 rationes
892 1073 952 1124 tres
975 1065 1007 1121 iu
1031 1072 1130 1139 partes
1164 1063 1378 1136 describirnus;

271 1189 397 1248 quarum
414 1185 485 1244 pars
501 1166 599 1242 prima
616 1174 661 1224 est
677 1183 797 1238 eorum,
823 1165 875 1242 qui
900 1173 1056 1241 utramque
1072 1183 1191 1236 vocem,
1218 1173 1330 1240 portas
1352 1173 1379 1222 et

271 1271 393 1341 fluvios,
411 1266 532 1344 proprie
548 1266 733 1342 iutelliguut3
751 1266 880 1324 secunda
891 1275 937 1325 est
949 1273 1062 1337 autem,
1082 1281 1159 1341 quae
1172 1265 1303 1324 alteram
1317 1273 1377 1323 tau-

271 1369 423 1432 tummodo
448 1367 571 1444 proprio
597 1385 686 1426 sensu
710 1367 834 1439 dictam,
863 1367 987 1426 alteram
1013 1385 1066 1441 per
1090 1366 1252 1441 imaginem
1278 1367 1377 1436 docet3

271 1471 360 1531 tertio
377 1470 445 1528 loco
462 1488 513 1528 ecs
531 1467 736 1540 nominamus,
757 1468 807 1545 qui
824 1486 1010 1544 peromnem
1029 1466 1263 1524 enuntiationem
1283 1475 1377 1525 trans·

270 1574 363 1634 latum
380 1571 480 1630 valere
496 1587 615 1629 sensum
632 1576 812 1628 asseverant.

324 1675 348 1733 Ι.
373 1673 421 1731 Ac
444 1671 573 1748 primum
594 1670 730 1746 quidem,
756 1669 782 1729 si
810 1667 932 1745 proprie
958 1667 1142 1744 accipiuntur
1170 1669 1265 1727 verba
1299 1683 1377 1730 river

272 1790 404 1852 utinam,
425 1780 551 1848 possunt
570 1771 599 1847 l)
615 1779 749 1846 portae
766 1789 846 1842 esse,
860 1788 924 1845 per
938 1788 1032 1845 quas
1044 1768 1314 1842 meantfluvii,
1329 1789 1376 1828 seu

272 1872 379 1951 quibus
397 1873 598 1942 continentur,
616 1871 636 1928 i.
651 1891 675 1928 e.
695 1870 892 1930 emissaria
909 1889 985 1947 quae
1002 1869 1110 1928 nimias
1123 1889 1218 1946 aquas
1244 1872 1285 1928 ab
1308 1872 1377 1928 urbe

272 1982 390 2045 arcent,
420 1971 465 2030 uti
494 1970 606 2046 placuit
633 1971 772 2043 Bunuro,
797 1971 960 2043 Vnmnno,
991 1969 1198 2054 Kannnunm,
1227 1969 1376 2029 Hrrzrcro
1444 1955 1445 1966 ¹

271 2072 356 2148 (edit.
373 2072 415 2149 I.)
432 2069 512 2144 „Die
530 2070 739 2130 Wasserthore
756 2070 823 2130 sind
840 2069 1016 2131 Schleussen
1104 2071 1127 2130 '2
1155 2070 1222 2130 sind
1241 2071 1291 2130 die
1308 2091 1377 2130 vom

271 2172 373 2249 Tigris
393 2171 600 2248 ausgeheudeu
622 2171 862 2232 concentriscbeu
887 2169 1015 2244 Oautle,
1040 2173 1132 2230 durch
1154 2171 1269 2230 welche
1295 2173 1373 2230 nicht

271 2273 319 2332 die
335 2291 428 2350 ganne
444 2271 546 2345 Stadt,
570 2271 650 2330 wohl
667 2274 753 2345 aber,
779 2273 836 2332 wie
852 2291 958 2332 unsere
975 2271 1066 2332 Stelle
1082 2272 1175 2349 zeigt,
1198 2272 1252 2330 der
1270 2273 1373 2331 Palast

271 2381 357 2434 unter
373 2374 497 2434 Wasser
513 2381 626 2450 gesetat
643 2374 762 2433 werden
778 2375 891 2432 konute
909 2417 918 2431 .
933 2415 940 2431 .
956 2416 984 2431 ..
1008 2373 1072 2432 Der
1089 2373 1311 2449 Konigspalast
1326 2374 1373 2449 lag

270 2475 514 2536 wahrscheinlich
540 2495 588 2534 am
605 2474 706 2552 Tigris
729 2476 826 2534 selber
851 2474 896 2532 als
915 2474 1134 2548 Wasserstadt,
1160 2475 1224 2532 eine
1240 2475 1373 2550 Festuug

270 2576 554 2649 toretmundum,
583 2577 637 2636 auf
658 2577 770 2635 welche
797 2577 848 2634 der
870 2574 967 2634 Feind
995 2575 1058 2634 sein
1086 2575 1372 2651 hauptsitchlichstes

270 2677 461 2754 Augenmerk
484 2665 638 2736 richtete.“
674 2677 759 2751 Quae
782 2676 928 2736 sententia
949 2695 984 2734 eo
1003 2695 1022 2734 a
1038 2675 1160 2753 reliquis
1184 2675 1375 2752 distinguitur

271 2779 421 2851 omnibus,
447 2779 529 2855 quod
553 2788 658 2853 portas
680 2778 719 2836 ad
735 2798 820 2837 suam
837 2776 1036 2836 defensionem
1055 2777 1219 2852 aagendam
1244 2778 1281 2836 ab
1300 2777 1374 2854 ipsis

270 2879 407 2955 Assyriis
417 2890 536 2954 apertas
550 2897 615 2937 esse
628 2878 722 2936 docet.
740 2879 851 2936 Verum
869 2878 894 2935 si
911 2877 950 2936 ad
967 2879 1107 2937 obsessos
1124 2896 1190 2936 vox
1204 2879 1374 2954 pertineret,

271 2977 428 3037 secundum
446 2976 616 3052 analogiam
633 2997 661 3036 v.
680 2966 720 3034 6τι
737 2981 796 3053 3p.
811 2977 887 3053 plur.
905 2978 1067 3054 legeretur,
1085 2997 1182 3056 neque
1196 2998 1267 3036 vero
1286 2979 1372 3054 sing,

270 3076 314 3136 uti
332 3093 423 3150 supra
440 3075 582 3146 vidimus3
601 3076 706 3134 deinde
722 3077 817 3152 probe
834 3078 948 3136 monuit
962 3079 1102 3137 Tncnrus
1120 3078 1140 3137 l.
1154 3079 1173 3136 l.
1192 3099 1222 3154 p.
1237 3085 1280 3152 66,
1299 3097 1374 3157 quac

271 3181 434 3252 sequantur
450 3194 499 3233 vv.
517 3178 543 3234 8.
562 3179 593 3248 9,
618 3195 653 3234 ea
675 3176 786 3236 factum
804 3177 917 3254 aliquid
934 3179 972 3238 ab
990 3179 1127 3239 hostibus
1153 3199 1291 3256 arguere,
1316 3197 1373 3257 quo

270 3277 307 3335 de
330 3283 411 3336 sorte
432 3275 515 3336 urbis
542 3275 702 3336 decidatur.
737 3279 876 3352 Accedit,
906 3280 987 3357 quod
1010 3280 1134 3338 alterum
1159 3299 1261 3339 versus
1286 3300 1373 3338 meru-

269 3379 356 3437 brum
372 3377 496 3455 proprio
514 3397 603 3438 seusu
629 3378 738 3437 dictum
765 3399 830 3440 esse
857 3379 977 3438 omnino
1004 3381 1106 3458 nequit
1130 3382 1169 3439 ob
1188 3381 1373 3439 altitudinem

269 3479 463 3554 palatiorum,
481 3479 525 3537 uti
541 3479 620 3538 infra
636 3481 816 3540 ostendetur.
835 3481 905 3558 Ipse
922 3489 1020 3540 autem
1040 3479 1204 3541 Hrrzmrus
1221 3481 1282 3540 alio
1300 3499 1371 3559 quo-

270 3579 339 3639 dam
372 3580 560 3656 potissimum
595 3590 769 3659 argumento
804 3602 823 3641 a
851 3581 975 3642 Tuonro
1005 3583 1188 3658 exprobrato
1212 3592 1374 3642 commotus

271 3689 331 3754 est,
349 3689 383 3740 ut
398 3682 475 3742 hauc
492 3681 671 3760 relinqueret
686 3682 876 3754 seutentiam,
899 3683 946 3742 cui
964 3683 1109 3742 assentire
1125 3683 1285 3742 noluerim:
1305 3701 1372 3756 „so-

269 3782 330 3840 lum
346 3781 415 3840 iude
433 3802 452 3841 a
464 3782 588 3858 Tigride
606 3792 666 3841 tam
684 3785 744 3842 alte
761 3783 911 3859 exsurgit,
930 3792 963 3842 ut
980 3784 1098 3844 canales
1116 3803 1154 3858 en
1171 3803 1258 3842 amne
1272 3785 1374 3842 ductos

271 3882 392 3942 omniuo
410 3902 470 3940 non
488 3882 628 3956 patiatur.
664 3885 838 3943 Altissimae
856 3883 933 3941 enim
947 3884 1079 3960 Tigridis
1097 3904 1193 3963 aquae
1211 3903 1270 3943 uon
1289 3884 1373 3943 attin-

271 3991 345 4060 gunt
361 3981 436 4041 Nini
453 4000 552 4039 aream
570 3982 644 4058 (vid.
663 3984 756 4043 R1crr.
774 3983 936 4043 Narrative
951 3983 999 4057 11,
1016 4004 1047 4062 p.
1060 3988 1125 4064 35),
1143 4005 1233 4062 quam
1256 3987 1374 4060 insuper

268 4083 301 4140 iu
315 4081 457 4140 orientem
471 4093 501 4140 et
512 4083 632 4142 boream
645 4105 749 4144 versus
762 4085 855 4144 multo
867 4085 1020 4143 editiorem
1032 4087 1096 4144 fieri
1111 4105 1203 4162 supra
1215 4086 1372 4144 vidimus.“

269 4181 397 4253 Verum,
416 4182 519 4260 quidni
536 4203 574 4242 ex
587 4204 673 4244 amne
686 4186 978 4263 Khosarpotuerunt
992 4187 1137 4260 derivari,
1157 4175 1208 4265 qui
1227 4187 1265 4246 ab
1280 4187 1372 4244 orien-

270 4282 323 4341 tali
341 4282 432 4342 latere
449 4284 487 4343 ad
505 4285 714 4346 occidentalem
732 4288 829 4346 media
847 4287 964 4364 perfluit
981 4289 1062 4350 urbis
1087 4287 1160 4350 Nini
1183 4287 1372 4356 munimenta,
