2918 5098
534 281 607 343 Car.
624 284 669 358 ΙΙ,
688 299 716 344 v.
731 289 755 344 t.
1152 287 1195 358 71

29 431 33 550 l
88 486 161 544 quas
178 467 399 544 impediebatur
415 468 528 545 passim
546 487 682 529 accessus
699 469 738 530 ad
751 489 817 530 eam
830 472 996 545 terrestris,
1015 481 1045 534 et
1057 495 1111 552 per
1122 497 1199 556 qnae

28 655 29 658 Ἴ
89 579 185 628 tamen
203 569 333 629 navibus
350 570 491 629 accedere
507 579 537 629 et
553 571 689 630 recedere
707 571 860 645 solebant3
879 573 939 632 tale
957 575 1029 652 quid
1046 578 1125 636 enim
1142 597 1197 655 po·

27 722 28 732 ,
88 672 143 730 tius
160 678 257 729 esset:
279 685 397 735 binnan
419 687 488 730 'twa
510 686 622 734 utrm

134 772 168 849 b)
191 770 297 846 Longe
315 769 410 830 satius
427 779 564 847 egerunt,
589 772 641 850 qui
659 773 767 832 nonin
785 774 898 850 portis,
924 775 977 836 sed
999 776 1031 834 in
1059 777 1196 839 fluviis

86 874 178 932 latere
195 870 357 948 imaginem
376 871 544 948 opinantur.
580 873 648 947 Quo
672 875 704 933 in
726 893 833 952 genere
858 876 1196 954 ultramuraneum

86 973 269 1034 assentiente
291 987 333 1030 nu
352 971 485 1031 Warrro
510 973 655 1050 cogitavit
676 976 822 1050 hostes,
845 977 942 1054 portis
966 979 1086 1056 quidem
1108 988 1196 1040 antea
1224 995 1227 1004 ¹

86 1083 234 1146 retentos,
252 1073 312 1132 iam
334 1092 405 1131 vero
424 1073 572 1148 effractis,
591 1076 743 1136 fluminum
760 1077 856 1138 instar
873 1078 974 1138 omnia
989 1079 1195 1142 inundantium

87 1176 125 1232 in
142 1175 267 1234 urbem
285 1173 525 1250 irrumpere,
543 1175 596 1235 cfr.
618 1177 651 1250 Ι,
675 1198 703 1236 v.
722 1183 747 1236 7.
785 1177 870 1252 Quae
886 1199 1032 1258 aquarum
1049 1180 1196 1261 significa·

87 1276 130 1334 tio
149 1275 313 1352 symbolica
336 1274 406 1334 licet
427 1284 494 1334 rata
519 1277 559 1334 sit
575 1276 607 1336 in
623 1278 655 1338 ll.
674 1297 733 1352 ss,
760 1279 814 1338 vix
831 1289 929 1340 tamen
945 1283 976 1340 ’n
998 1283 1034 1342 'tv
1056 1284 1134 1342 nude
1151 1283 1195 1342 di·

87 1385 166 1436 ctum
188 1376 246 1434 hoc
262 1375 437 1452 praesertim
459 1376 526 1436 loco
551 1377 595 1438 ita
612 1380 821 1456 explicandum
839 1381 910 1456 erit,
938 1401 1006 1443 cum
1023 1403 1062 1442 ox
1079 1393 1196 1444 antece·

85 1477 224 1536 dentibus
248 1495 309 1536 non
333 1477 494 1554 imagines,
525 1478 578 1538 sed
602 1481 807 1540 continuatam
830 1483 1062 1560 expugnationis
1086 1483 1195 1546 descri-

84 1579 218 1654 ptionem
236 1586 451 1654 exspectemus.
487 1577 636 1652 Quoniam
653 1599 798 1658 aquarum
816 1592 846 1641 et
862 1582 1020 1642 fluviorum
1037 1584 1196 1661 multiplex

85 1679 181 1740 estin
206 1679 420 1740 transferendis
444 1679 687 1741 similitudinibus
711 1700 799 1755 usus,
823 1683 854 1758 2)
877 1683 1086 1744 Hranouruos
1109 1685 1195 1742 intel-

84 1781 160 1840 lexit
177 1788 303 1856 „portas
320 1779 448 1840 Ninivae
473 1800 551 1859 quae
575 1783 613 1841 ad
639 1782 734 1842 instar
756 1783 910 1842 fluminum
938 1784 1068 1844 babebat
1084 1783 1192 1843 civium

83 1881 301 1940 multitudinem
310 1885 341 1954 ,l‘
360 1890 389 1940 et
405 1881 508 1958 paullo
526 1881 612 1941 aliter
629 1882 794 1946 Humerus
811 1883 895 1959 (edit.
912 1884 983 1963 11.)=
1002 1885 1191 1962 „diejenigen

82 1981 224 2044 Strassen
241 1982 292 2040 der
310 1980 414 2055 stadt,
439 1981 550 2041 welche
573 1985 627 2044 auf
641 1984 743 2044 There
759 1986 960 2060 ausmuinden‚
984 1987 1044 2046 und
1070 1987 1102 2047 in
1119 1987 1190 2046 wel-

82 2084 155 2142 chen
179 2087 241 2141 v.9
272 2083 319 2141 (lie
348 2083 559 2161 Bevdllrerung
586 2094 659 2145 statt
689 2086 741 2144 der
764 2087 889 2146 Wasser
918 2088 1061 2147 fluthen.“
1104 2090 1148 2146 At
1166 2088 1191 2149 si

82 2184 202 2264 quando
220 2183 401 2262 symbolicus
417 2184 523 2242 horum
538 2188 694 2245 verborum
713 2206 817 2248 sensus
831 2187 1021 2264 accipiendus
1032 2197 1094 2264 eat,
1113 2187 1191 2248 idem

82 2286 181 2346 valeat
197 2304 317 2346 necesse
333 2293 379 2344 est
395 2285 447 2362 qui
465 2305 493 2344 v.
512 2290 544 2359 9,
569 2287 619 2346 ubi
636 2307 749 2358 meram
766 2288 962 2352 multitudinis
980 2289 1191 2370 cogitationem

83 2407 142 2446 non
159 2387 234 2446 satis
252 2403 317 2446 esse
333 2385 508 2446 videbimus.

132 2488 189 2548 111.
222 2483 337 2546 Eodem
354 2487 538 2546 referendum
557 2495 619 2560 est,
635 2487 724 2564 ‘quod
747 2505 801 2545 nec
823 2487 913 2546 aliam
925 2490 1109 2566 probamus,
1134 2489 1191 2548 etsi

83 2589 274 2666 ingeniosam*
293 2588 424 2647 omnium
447 2587 576 2646 maxime
600 2587 775 2646 sententiam
793 2585 981 2661 Uusnmrn,
1009 2589 1060 2667 qui
1083 2588 1191 2648 utrius-

85 2710 142 2768 que
158 2689 242 2749 verbi
259 2689 404 2766 translato
423 2697 535 2748 statuto
554 2707 643 2748 sensu
661 2689 704 2748 sic
721 2687 867 2765 disputat:
887 2689 956 2762 „die
974 2686 1093 2749 Strdme
1110 2688 1189 2746 drin-

85 2809 141 2867 geu
157 2790 378 2853 uuauthaltsam
394 2790 511 2863 hersin,
538 2790 566 2848 d.
585 2789 605 2848 i.
630 2789 677 2848 die
695 2787 779 2848 Noth
804 2789 893 2867 steigt
916 2791 971 2850 aul
986 2790 1040 2850 das
1056 2790 1189 2848 hdchste.

83 2892 152 2952 Mau
169 2910 251 2952 muss
268 2891 333 2952 aleo
351 2892 405 2950 des
422 2891 616 2968 gebrauchte,
636 2909 670 2950 so
687 2892 789 2968 hhufig
802 2889 1109 2952 vorkommendeBild
1126 2889 1190 2948 rein

82 2993 129 3050 fuir
147 2993 210 3053 sich
234 2992 400 3066 auffassen,
425 2993 484 3050 und
508 2992 589 3051 nicht
612 3001 691 3050 etwa
717 2991 765 3050 die
783 2989 901 3051 Strbme
923 2993 1115 3052 unmittelbur
1138 2991 1192 3050 mit

82 3094 137 3152 den
155 3093 288 3153 Foinden
305 3091 510 3170 vergleichen‚
529 3092 625 3152 worin
645 3113 712 3152 man
729 3095 916 3171 gewdhnlich
933 3075 988 3154 irrt
998 3116 1007 3167 3
1033 3093 1111 3154 daun
1129 3099 1190 3152 wi·

81 3215 132 3253 ren
158 3195 207 3254 die
228 3193 329 3254 There
352 3213 427 3272 ganz
450 3195 651 3271 unpassend.“
694 3192 926 3253 commendatur
950 3197 1024 3254 haec
1047 3193 1192 3256 sententia

82 3315 131 3368 eo,
150 3296 232 3373 quod
250 3295 365 3372 reliqua
381 3313 485 3354 versus
503 3296 595 3353 verba
620 3310 689 3359 ruo)
716 3289 829 3362 'iniant
860 3296 899 3355 ad
923 3296 1044 3354 eandem
1069 3296 1193 3354 redeunt

81 3397 319 3468 similitudinem
346 3395 418 3455 nihil
437 3404 616 3469 esttamen,
641 3395 713 3473 quin
731 3414 767 3454 se
783 3404 921 3472 putemus
939 3395 1083 3454 translate
1100 3393 1190 3466 dicta,

80 3499 183 3574 priora
212 3505 310 3556 autem
333 3498 469 3574 proprie,
492 3496 667 3573 praesertim
692 3514 758 3553 cum
783 3495 873 3554 animi
900 3495 1061 3554 diffluentis
1090 3495 1191 3571 imago

78 3599 160 3658 haud
177 3617 247 3657 raro
264 3599 437 3675 reperiatur.

133 3700 388 3777 Aequiescendum
406 3717 476 3777 ergo
494 3698 525 3755 in
542 3696 666 3774 proprio
683 3695 773 3774 primi
790 3696 914 3754 membri
932 3715 1021 3754 sensu
1038 3694 1191 3772 existima:

80 3820 162 3862 mus:
187 3809 293 3877 port-ae
317 3800 416 3860 fluviis
440 3799 552 3859 Ninum
583 3797 769 3876 cingentibus
800 3797 968 3857 adiacentes
998 3805 1087 3874 atque
1115 3794 1191 3854 adeo

80 3901 214 3960 munitae
231 3902 379 3974 maxime,
398 3901 435 3960 ab
454 3900 592 3960 hostibus
610 3899 790 3976 aperiuntur.
820 3899 909 3958 Prius
927 3917 998 3958 vero
1017 3915 1107 3975 quam
1124 3914 1192 3972 per-

81 4021 205 4080 gamus,
224 4011 330 4062 notare
347 4003 487 4060 debemus
503 4000 594 4059 LXX
612 4001 752 4060 exhibere
778 3988 888 4072 πύλας
908 3997 974 4085 τῶν
994 3990 1137 4077 πόλεων,
1161 3994 1193 4054 id

81 4104 163 4181 quod
179 4103 320 4162 H1Tz1crr
344 4101 537 4179 explicationi
560 4101 657 4178 possit
680 4100 878 4178 patrocinari,
903 4101 962 4161 nisi
984 4101 1061 4160 forte
1083 4097 1193 4157 rectius

22 4240 25 4250 ι
81 4203 224 4264 Tucfflus
248 4203 268 4262 l.
287 4203 307 4263 l.
331 4224 361 4282 p.
380 4208 414 4262 64
435 4201 499 4262 not.
524 4203 690 4280 scripturae
719 4201 926 4279 compendium
956 4202 1033 4262 male
1063 4199 1193 4260 solutum

83 4304 197 4382 arguit,
229 4305 478 4382 quemadmodum
502 4303 682 4381 singularem
705 4301 846 4380 Syriacae
868 4303 1015 4364 versionis
1036 4301 1193 4362 lectionem
