2966 5090
219 261 223 270 ·
257 263 298 304 xc
604 240 851 298 Pucinuoumm.
880 237 954 296 One.
970 237 1011 294 ll.

258 433 382 505 pareant
405 419 572 495 referrenda3
596 432 668 509 tum¹
684 443 771 496 vem,
794 413 876 483 licet
889 423 982 482 multa
1004 439 1058 502 per
1080 421 1180 479 secula
1208 422 1372 498 Assyrium

258 519 367 588 nomen
383 527 413 584 in
431 527 461 584 11.
479 545 519 586 ss.
539 545 599 584 non
617 526 797 600 reperiatur,
817 529 856 583 eov
870 533 968 583 tamen
986 531 1134 597 tempore,
1153 541 1213 600 quo
1231 521 1272 580 ad
1290 541 1371 582 sum-

258 647 338 688 mum
361 628 512 702 potentiae
535 627 689 704 fastigium
713 626 806 686 evecti
830 626 928 685 subito
949 624 990 683 'ad
1004 622 1163 682 ,interitum
1190 623 1372 700 praecipites

259 746 380 806 vergere
399 736 574 804 coeperunt,
593 729 667 787 satis
686 728 807 803 copiose
825 727 1034 803 suppeditant,
1061 744 1138 800 quae
1155 725 1193 782 ad
1211 725 1371 784 historiam

260 849 362 890 eorum
380 831 473 907 probe
491 829 724 886 concinnandam
741 829 916 904 pertineant.
967 901 969 905 Ι

283 983 285 986 .
310 933 354 988 At
370 949 441 988 vero
460 938 591 987 veterum
610 929 786 1004 scriptores,
810 930 861 1006 qui
879 938 1046 1003 temporum
1065 925 1260 1001 Assyriorum
1277 927 1372 984 ratio·

260 1033 312 1090 nes
330 1029 518 1105 potissimum
535 1039 779 1104 composuerunt,
805 1030 827 1087 ii
851 1029 951 1087 multis
975 1027 1104 1102 primum
1127 1026 1233 1085 seculis
1259 1026 1307 1084 vel
1331 1029 1371 1085 ab

260 1149 363 1190 everso
382 1147 473 1206 regno
492 1129 664 1200 abfuerunt,
684 1149 737 1187 nec
755 1139 853 1187 utrum
866 1128 1035 1188 domesticis
1047 1145 1150 1185 eorum
1163 1127 1296 1212 fontibus
1309 1128 1371 1204 ipsi

260 1220 369 1289 fuerint
385 1230 447 1302 usi,
472 1211 527 1304 pro
546 1237 627 1287 certo
645 1231 788 1288 affirmari
806 1238 921 1305 potest3
944 1249 1040 1306 neque
1058 1247 1129 1286 vero
1154 1229 1228 1287 fides
1252 1229 1291 1287 iis
1309 1247 1372 1287 non

260 1347 369 1404 magna
386 1331 523 1388 habenda
540 1338 635 1402 esset,
661 1331 781 1407 siquae
806 1331 950 1389 Berosus
975 1341 1004 1388 et
1031 1332 1200 1387 Amoenus
1229 1330 1372 1406 eBaby·

259 1430 426 1502 loniorum,
446 1417 576 1488 Crssms
597 1430 786 1490 ePersarum
810 1432 919 1490 tabulis
941 1431 1069 1507 publicis
1087 1429 1264 1503 elicuerunt,
1283 1451 1371 1490 accu-

260 1540 325 1590 rate
342 1539 442 1589 essent
459 1530 609 1606 descripta
626 1540 716 1608 atque
733 1533 869 1608 ipsorum
886 1533 1024 1591 manibus
1043 1540 1167 1614 exarata
1178 1532 1216 1589 ad
1229 1551 1286 1591 nos
1302 1552 1371 1608 per·

167 1695 171 1702 ,
261 1632 425 1704 venissent3
458 1641 489 1690 at
519 1651 604 1691 vera.
619 1633 703 1692 falsis
735 1652 916 1710 magnopere
940 1633 1082 1692 exhibent
1105 1632 1286 1705 commixta,
1316 1651 1372 1690 nec

259 1733 354 1792 libros
366 1752 474 1793 ‚eorum
492 1733 624 1810 integros
642 1735 825 1810 accepimus,
851 1735 902 1793 sed
920 1734 1087 1809 fragmenta
1104 1741 1220 1791 tautum
1236 1753 1371 1810 penu-ma·

262 1852 317 1892 nus
335 1842 383 1891 sat
399 1835 508 1892 multas
526 1854 636 1910 easque
654 1834 733 1892 haud
754 1854 871 1910 semper
895 1843 1049 1893 accuratas
1072 1835 1191 1893 tradita.
1219 1834 1372 1893 Herrone-

261 1950 317 1993 rus
336 1941 434 2010 autem
451 1933 607 2011 (quoniam
624 1934 755 2008 amplum
774 1935 837 1993 eius
855 1934 891 1991 de
907 1934 1044 2009 Assyriis
1062 1953 1138 2009 opus
1156 1943 1284 1995 autnon
1302 1954 1371 2010 per-

262 2035 405 2111 scriptum
428 2043 473 2093 est
496 2041 550 2091 aut
572 2042 737 2107 temporum
762 2033 870 2090 iniuria
897 2033 1113 2110 deperditum),
1136 2053 1198 2092 non
1215 2037 1370 2098 universus

259 2136 365 2212 populi
381 2154 429 2208 res
447 2131 665 2207 complectitur,
684 2151 786 2190 verum
806 2131 939 2206 singulas
953 2133 1039 2208 quasi
1051 2137 1266 2208 praetereundo
1280 2136 1370 2194 inter·

261 2237 330 2293 dum
348 2233 458 2308 tangit,
477 2240 575 2289 tamen
593 2231 771 2307 gravissima
789 2232 934 2307 quaedam
952 2232 1081 2290 stamina
1092 2233 1225 2306 praebet.
1249 2235 1369 2294 Horum

259 2333 349 2409 igitur
367 2338 396 2389 et
413 2331 540 2389 aliorum
558 2332 745 2408 quorundam
763 2332 898 2408 scripta,
916 2332 967 2409 qui
984 2332 1108 2390 minoris
1132 2331 1163 2389 in
1180 2333 1238 2396 hoo
1258 2352 1370 2409 genere

259 2431 400 2492 momenti
418 2440 501 2504 sunt,
526 2434 616 2490 modo
635 2433 791 2510 diligenter
809 2441 991 2492 etaccurate
1008 2433 1084 2492 iuter
1101 2451 1133 2492 se
1150 2434 1370 2493 contendantur

260 2543 350 2611 atque
375 2533 628 2610 perpensitentur,
660 2535 710 2593 ubi
739 2536 846 2594 idoneo
884 2534 1071 2592 continentur
1102 2551 1264 2607 consensu,
1297 2536 1370 2595 satis

260 2634 362 2712 magni
384 2636 521 2694 facienda
544 2636 696 2710 videntur,
727 2638 868 2719 quoniam
890 2655 939 2694 res
961 2635 1158 2710 Assyriorum
1182 2644 1320 2694 accurate
1343 2645 1370 2693 et

262 2737 386 2810 copiose
407 2747 560 2796 enarratas
586 2757 605 2795 a
628 2738 742 2796 nemine
755 2737 931 2810 occepimus.
958 2733 1056 2794 Nobis
1069 2744 1167 2794 autem
1181 2755 1286 2811 parum
1300 2755 1369 2812 pro-

261 2837 391 2912 positum
419 2847 479 2909 est,
511 2838 547 2894 de
578 2837 671 2914 variis
702 2853 803 2892 eorum
833 2833 954 2891 calculis
983 2842 1013 2890 et
1039 2835 1226 2910 opinionibus
1251 2837 1370 2896 uberius

261 2937 443 3012 disceptare,
466 2934 643 3010 praesertim
667 2951 732 2988 cum
749 2942 854 2991 nostra
871 2932 1015 2990 memoria
1032 2937 1216 3010 comparatio
1234 2937 1287 2996 illa
1305 2938 1370 2996 dili-

261 3035 433 3114 gentissime
450 3053 469 3092 a
486 3030 637 3090 nonnullis
655 3051 703 3088 vv.
723 3033 772 3090 dd.
790 3032 926 3092 instituta
944 3033 1016 3105 sit¹;
1041 3055 1118 3112 quae
1135 3056 1195 3094 non
1214 3038 1371 3096 videantur

262 3136 441 3206 omittenda,
466 3151 502 3191 ea
525 3148 579 3188 suo
602 3149 722 3208 quoque
746 3133 812 3191 loco
837 3135 1022 3194 monebimus
1029 3157 1037 3207 3
1068 3156 1127 3194 non
1152 3139 1370 3212 praetermitta-

260 3255 327 3296 mus
344 3245 443 3295 tamen
461 3239 580 3303 notare,
599 3233 776 3293 sententie-m
794 3253 911 3308 eorum,
931 3236 998 3312 qui,
1019 3255 1055 3295 ne
1073 3236 1208 3295 Crnsmu
1225 3239 1336 3298 indicia
1352 3259 1370 3297 a

260 3335 387 3396 Bonoso
406 3319 623 3392 etHnnoooro
637 3343 667 3392 et
682 3334 714 3392 ll.
734 3354 773 3394 ss.
793 3335 882 3394 nimis
907 3336 1125 3412 discreparent,
1144 3339 1254 3414 duplex
1271 3341 1369 3417 Assy·

260 3437 373 3494 riorum
391 3450 513 3508 regnum
538 3433 631 3492 fuisse
655 3436 863 3510 opinarentur,
890 3444 974 3496 vetus
993 3438 1143 3515 quoddam
1158 3439 1277 3498 ineunte
1289 3459 1368 3498 nono

263 3555 290 3594 a.
305 3534 361 3593 Oh.
381 3533 481 3593 seculo
508 3554 642 3594 eversum
669 3537 759 3609 illud,
785 3547 814 3595 et
836 3537 976 3611 alterurn,
996 3539 1051 3596 sub
1067 3540 1155 3598 finem
1173 3559 1196 3598 s.
1215 3542 1293 3600 sexti
1317 3561 1368 3600 ex-

259 3711 461 3720 --—-.—-...

313 3845 337 3906 1)
354 3845 406 3895 Cir.
421 3853 523 3910 praeter
540 3853 639 3895 ceteros
654 3847 695 3896 W.
710 3847 845 3896 Horruuon
856 3847 1063 3900 Exercitationes
1077 3849 1255 3910 Herodoteas,
1272 3863 1340 3913 spec.
1354 3848 1368 3896 I

259 3929 291 3978 de
308 3929 384 3979 rebus
402 3932 569 3994 Assyriorum
583 3932 662 3993 1837;
681 3943 718 3991 sp.
733 3929 762 3977 II
779 3930 811 3979 da
829 3939 915 3982 vetere
932 3934 1068 3984 Medorum
1086 3935 1260 3996 regn018433
1279 3934 1367 3995 sp.Ill

257 4027 342 4063 rerum
360 4014 501 4078 Lydiarum
519 4016 644 4077 particula
661 4016 689 4076 I,
707 4015 782 4065 1851.
818 4016 897 4066 Hisce
914 4019 1004 4067 diebus
1024 4020 1139 4068 libellum
1161 4020 1224 4067 satis
1249 4025 1366 4068 accurate

256 4100 428 4160 conscriptum
440 4099 522 4148 edidit
534 4100 573 4148 Io.
586 4099 712 4150 Bmunm:
731 4113 816 4148 rerum
827 4101 994 4164 Assyriorum
1007 4109 1124 4164 tempora
1139 4103 1285 4153 emendata.
1304 4103 1366 4152 Bre-

256 4175 335 4246 viter,
358 4183 473 4246 quaeda
491 4184 658 4246 Assyriorum
676 4186 752 4235 rebus
770 4184 867 4234 tradita
884 4192 956 4246 sunt,
976 4188 1043 4236 inter
1060 4202 1087 4236 se
1105 4196 1256 4250 comparata
1273 4201 1366 4250 propo-

256 4268 307 4316 suit
324 4267 443 4318 Wmsuus
462 4269 492 4320 R.
500 4271 542 4320 W.
562 4285 621 4319 av.
