2966 5090
409 300 435 376 §-
456 305 479 359 1.
507 300 557 360 De
575 318 694 360 neurus
712 301 854 363 Ninum.
1150 322 1187 366 ιιι

69 583 253 664 Zeiten'gub
273 605 305 645 es
328 585 358 642 in
381 584 475 644 Israel
494 586 631 645 *nubiloso
648 587 817 662 Personen,
843 588 892 646 dic
915 588 945 646 in
967 588 1050 648 ihren
1068 588 1187 650 Numen

70 691 122 748 ffir
139 687 203 748 sich
221 686 317 746 selbst
334 686 393 744 und
411 685 476 744 ihre
493 686 738 764 Volksgencssen
759 688 825 748 eine
841 689 1104 749 immerwibreude
1121 711 1185 749 um·

71 788 305 849 herwundelude
321 785 447 863 Predigt
462 807 565 846 wnreu
582 808 642 846 von
661 789 727 848 dem
743 790 909 850 beurlicben
923 791 1032 850 Wesen
1051 793 1111 850 und
1129 793 1185 851 den

73 909 200 968 grossen
217 889 336 946 Theteu
351 888 532 961 Jebcvnb's,
549 889 629 949 ibres
648 889 773 963 Getice,
792 911 827 952 so
845 892 902 950 wie
920 892 1036 965 daron,
1056 892 1113 952 wie
1130 893 1185 954 dus

72 992 156 1050 Hem
174 1010 211 1048 uu
227 989 288 1048 ihm
307 987 410 1048 steben
428 989 489 1048 und
507 992 657 1050 wus'msn
676 1011 735 1051 von
749 991 811 1050 ihm
829 994 948 1052 erbeten
962 993 1023 1052 und
1039 1000 1185 1054 erwurten

73 1092 196 1152 sollte.“
216 1089 304 1163 Quoi
322 1089 373 1148 ubi
390 1090 430 1149 ud
447 1099 582 1150 nostrum
600 1111 707 1151 nomeu
726 1093 913 1166 transfertur,
930 1093 999 1153 licet
1011 1093 1085 1154 sutis
1098 1113 1185 1170 prec-

73 1192 189 1251 clarnm
207 1191 348 1266 pruebeut
365 1209 500 1264 sensum,
519 1193 622 1268 negari
639 1204 739 1252 tumen
756 1195 877 1270 nequit,
904 1195 942 1253 de
958 1194 995 1254 iis
1012 1194 1113 1270 potius
1130 1215 1201 1274 no,

73 1293 206 1352 minibus
231 1291 345 1364 velere,
376 1311 453 1368 quae
483 1311 547 1350 cum
574 1313 602 1352 v.
625 1309 659 1352 tu
693 1295 860 1372 compositu
882 1305 966 1370 sunt,
996 1303 1087 1372 etque
1108 1296 1184 1354 udeo

74 1393 176 1470 aptius
193 1391 329 1451 adbiberi
346 1391 376 1451 in
395 1393 573 1470 explicando
591 1414 619 1454 v.
644 1410 756 1468 urunt,
782 1415 872 1472 quem
896 1396 1024 1474 simplici
1046 1416 1074 1455 v.
1100 1412 1184 1463 uiue.

76 1495 192 1570 Quare,
211 1493 238 1552 si
251 1494 291 1552 ad
307 1493 436 1553 bominis
448 1495 550 1572 potius
563 1503 653 1573 atque
666 1496 743 1556 vatis
757 1497 941 1556 referendum
956 1506 1092 1556 naturum
1103 1497 1185 1557 vide·

76 1605 124 1654 tur
141 1629 177 1638 -
194 1594 253 1654 nisi
270 1595 349 1653 forte
365 1613 472 1654 nomen
490 1614 583 1672 puero
601 1617 621 1655 u
637 1597 810 1673 perentibus
835 1607 944 1657 temere
969 1617 1024 1656 nce
1040 1598 1102 1658 ullu
1119 1617 1185 1657 seu·

77 1715 129 1756 sus
145 1695 261 1753 ratione
278 1695 382 1754 habitu
397 1695 571 1772 impositum
589 1716 655 1756 esse
671 1698 835 1774 putandum
858 1707 918 1770 est,
942 1716 1002 1776 quo
1026 1698 1058 1756 iu
1079 1717 1187 1776 genere

76 1795 1186 1882 affirmatiuibilpotestss-existimabimustbumiiorsunpsrenteslsree-

79 1897 151 1956 litus
160 1895 179 1968 ²,
197 1915 261 1981 cum
277 1915 400 1974 regnum
417 1898 665 1974 Ephraimiticum
682 1900 824 1976 gravibus
841 1900 939 1978 plagis
957 1900 995 1959 nd
1009 1899 1185 1959 internecio·

77 2016 255 2074 nemusque
277 2007 496 2072 concuteretur,
520 2001 682 2060 constituto
706 2001 830 2061 infantis
854 2019 956 2061 recens
980 2000 1044 2060 nuti
1067 2001 1186 2059 nomine

77 2099 186 2160 similia
206 2117 394 2175 nuncupasse
417 2109 504 2173 vota,
535 2101 636 2177 qualia
659 2102 730 2161 fecit
750 2101 895 2175 Lamech,
925 2121 992 2161 cum
1014 2110 1186 2161 nasceretur

76 2200 198 2274 Nouch,
223 2198 299 2259 Gen.
317 2200 355 2272 V,
373 2205 416 2259 29.
448 2200 606 2278 Utcunque
631 2212 690 2275 est,
714 2184 904 2282 praesagium
922 2203 1051 2264 nominis
1068 2202 1206 2279 egregie

78 2301 183 2361 evenit.
213 2299 354 2360 Nebumo
378 2301 455 2360 enim
478 2302 619 2380 contigit,
648 2313 682 2362 ut
703 2305 903 2379 potentissimi
932 2304 1027 2364 bostis
1051 2304 1185 2363 funditus

78 2403 226 2462 evertendi
250 2403 365 2478 species
389 2421 444 2478 per
465 2403 610 2462 visionem
635 2403 775 2464 divinitus
793 2406 954 2464 excitatum
972 2405 1000 2463 ei
1017 2405 1184 2476 offerretur,

78 2505 154 2563 unde
178 2521 293 2562 summo
319 2503 384 2580 ipse
406 2503 530 2563 effectus
555 2505 664 2563 solatio
687 2504 814 2564 Iudaeos
837 2504 924 2564 simul
948 2505 1088 2563 Mannsse
1116 2521 1187 2578 rege

81 2623 134 2664 suc
157 2605 304 2680 privatos,
336 2603 496 2679 perniciem
521 2614 612 2681 utque
635 2602 759 2662 exitium
783 2604 821 2662 eb
845 2602 982 2679 Assyriis
1011 2589 1184 2673 metuentes,

82 2704 297 2777 consolaretur3
323 2723 378 2762 uec
395 2723 446 2764 ecs
464 2695 592 2778 solum,
603 2722 704 2765 verum
724 2723 827 2763 omues
851 2702 972 2761 omnino
990 2702 1074 2779 regni
1092 2701 1185 2760 divini

78 2806 171 2879 cives,
197 2805 249 2884 qui
271 2805 397 2864 seculari
414 2813 562 2882 potestate
584 2825 716 2884 unquam
733 2806 833 2864 forent
850 2803 988 2882 oppressi
1011 2812 1101 2881 utque
1118 2821 1185 2880 pes·

76 2906 215 2967 sumduti.
241 2907 288 2965 Ac
303 2907 374 2966 licet
391 2907 429 2966 nd
450 2906 601 2966 notionem
619 2906 749 2966 nominis
762 2908 840 2965 bunc
852 2907 883 2964 in
899 2905 1020 2964 modum
1033 2904 1186 2980 explican-

76 3009 162 3081 dum,
186 3007 238 3066 ubi
254 3007 372 3066 initium
390 3009 566 3084 praesertim
583 3008 654 3067 libri
671 3018 854 3085 spectamus,
881 3007 978 3084 magis
995 3007 1103 3064 idoueu
1120 3023 1186 3064 esse

75 3109 218 3187 cogitatio
236 3109 342 3168 ultoris
359 3109 510 3168 videatur:
536 3109 631 3169 alteru
649 3117 748 3170 temen
765 3109 818 3168 ille
836 3116 866 3168 et
882 3108 1065 3186 praeclarior
1088 3115 1133 3166 est
1157 3115 1187 3164 et

73 3210 269 3283 cumulatior3
298 3210 448 3283 „bostium
472 3211 549 3269 enim
576 3210 683 3269 deletio
691 3215 721 3284 ,“
746 3219 781 3269 ut
801 3211 826 3268 I.
852 3209 892 3268 H.
919 3210 1096 3268 Mrcnimrs
1118 3215 1201 3265 ntur.

73 3311 190 3384 verbis,
210 3311 373 3384 „eeclesiae
390 3320 436 3371 est
453 3311 650 3372 consoleti0.“

127 3573 155 3636 1)
172 3573 261 3624 Ueber
277 3573 367 3624 Micbe
384 3573 435 3624 den
453 3572 626 3624 Morestbiteu
644 3589 668 3638 p.
680 3573 720 3622 19.

125 3658 155 3720 2)
172 3657 226 3708 Cir.
245 3656 267 3720 ξ.
279 3661 303 3708 2.

126 3743 155 3806 3)
172 3742 228 3793 Cir.
246 3741 357 3792 cresim
373 3741 438 3792 ibid.
456 3748 509 3791 not.
528 3743 574 3792 20:
598 3741 685 3804 „Buld
707 3741 811 3790 fixirteu
834 3739 943 3792 frcmme
960 3741 1051 3791 Eltern
1075 3740 1187 3790 hebens·

75 3829 266 3891 erfsbruugeu,
289 3827 331 3877 dis
356 3829 394 3878 sie
411 3826 556 3892 uberhaupt
579 3826 643 3876 oder
665 3825 746 3890 grsde
771 3825 835 3876 eben
858 3826 977 3891 gemacht
998 3827 1101 3887 hutten,
1124 3824 1201 3879 oder,

72 3915 155 3964 ibuen
173 3913 295 3976 wichtige
312 3911 484 3962 Wuhrbeiten
507 3912 549 3960 hir
572 3912 625 3962 sich
650 3912 703 3964 und
725 3910 781 3960 ihre
798 3910 898 3961 Kiudcr
919 3911 1000 3960 durch
1017 3910 1059 3960 die
1076 3909 1188 3969 Numen,

74 3999 117 4049 die
143 3999 182 4048 sie
206 3997 285 4047 ibneu
308 3997 406 4062 geben,
489 3996 551 4046 bald
573 3997 660 4060 legten
682 3998 720 4046 sie
738 3995 882 4056 Winsche,
907 3994 1020 4057 Gcbete,
1045 3994 1188 4053 Glsubeus·

73 4083 238 4148 hoffnungeu
255 4083 298 4132 fuir
315 4082 448 4132 dieselbeu
466 4083 501 4134 iu'
512 4082 593 4132 ihrem
611 4081 714 4132 Numen
732 4079 829 4140 nieder,
847 4079 890 4130 die
910 4079 956 4128 der
973 4080 1042 4129 Herr
1059 4079 1098 4130 cit
1115 4079 1188 4142 glin-

73 4168 141 4218 zeud
160 4167 263 4218 eriitllte
281 4167 335 4217 und
352 4165 468 4217 dadurch
485 4167 513 4216 in
530 4167 737 4232 Weisssgungeu
757 4163 944 4226 verwendelte,
962 4165 1012 4214 ct.“

960 4331 993 4381 1,*
