2910 5088
684 310 757 401 Cam
770 309 833 382 lll,
851 325 881 368 v.
896 314 997 379 8-13,

713 639 755 710 B.
797 661 832 708 v.
852 638 975 710 8-13.

340 801 404 860 lam
423 817 493 857 vero
511 817 548 856 ne
566 795 664 856 Ninus
681 794 905 872 opportunitate
923 794 999 854 situs
1016 803 1047 853 et
1063 794 1172 872 opibus
1189 795 1302 854 cladem
1317 793 1386 852 illam

290 902 333 978 (v.
353 902 436 979 1-3)
454 907 483 958 et
498 897 692 975 ignominiam
710 897 752 974 (v.
765 897 850 974 4-7)
876 913 967 971 posse
990 905 1126 954 avertere
1146 895 1298 967 videatur,
1321 895 1386 952 The·

290 1003 395 1060 barum
418 1000 541 1058 affertur
563 998 750 1073 exemplum,
775 997 898 1071 quibus,
922 996 966 1054 uti
988 996 1197 1074 praesagiente
1220 997 1319 1054 animo
1335 995 1387 1052 lore

291 1101 454 1178 aliquando
472 1099 546 1158 vidit
562 1107 662 1178 uates,
685 1116 740 1156 nec
761 1097 894 1155 locurum
917 1097 1008 1172 longe
1030 1097 1234 1174 praestantior
1258 1103 1386 1172 opportu-

290 1202 370 1260 nitas
392 1207 422 1258 et
442 1198 595 1256 firmitudo
614 1202 672 1256 v.8
690 1217 745 1256 nec
760 1197 864 1274 ingens
887 1197 1040 1274 copiarum
1066 1197 1226 1257 multitudo
1244 1218 1274 1255 v.
1293 1201 1308 1254 9
1329 1215 1386 1272 pro·

292 1301 362 1373 luit,
387 1300 458 1377 quin
481 1307 636 1376 caperetur
661 1308 690 1357 et
711 1298 827 1356 incolae
852 1297 915 1357 eius
933 1299 965 1355 in
983 1297 1187 1374 captivitatem
1207 1305 1237 1358 et
1254 1297 1387 1356 miseriam

292 1403 507 1460 abducerentur
519 1421 546 1458 v.
562 1405 603 1458 10.
629 1397 719 1458 Haud
738 1398 798 1456 alia
816 1398 886 1471 erit,
904 1398 936 1456 in
954 1417 1044 1475 quam
1062 1398 1159 1457 Ninus
1176 1399 1305 1470 incidet,
1323 1397 1385 1456 cala·

292 1502 380 1562 mitae
398 1522 425 1560 v.
441 1506 489 1573 113
515 1500 615 1560 omnia
637 1501 704 1558 loca
722 1499 836 1558 munita
859 1498 942 1556 nullo
953 1500 1022 1558 ¹fere
1039 1499 1159 1576 negotio
1178 1501 1386 1576 occupabuntur

292 1623 321 1662 v.
336 1607 382 1676 12,
408 1612 438 1662 et
463 1603 537 1661 fines
560 1602 663 1678 elapso
680 1599 864 1659 fortissimae
890 1600 962 1660 olim
979 1601 1077 1678 gentis
1099 1599 1199 1660 animo
1226 1599 1337 1678 aperti,
1355 1599 1385 1658 ab

292 1704 429 1764 hostibus
446 1703 613 1780 capientur,
632 1721 660 1762 v.
676 1705 717 1760 13.

746 1970 774 2010 c.
801 1949 832 2011 v,
844 1955 941 2012 8-10.

343 2101 433 2160 Prius
450 2119 540 2178 quam
553 2100 592 2159 ad
606 2099 814 2177 explicandam
828 2103 905 2162 hanc
918 2103 1091 2180 pericopam
1104 2103 1301 2177 accedamus,
1312 2121 1387 2181 quae

292 2202 417 2262 rendum
433 2209 498 2275 est,
517 2202 637 2279 quando
655 2204 838 2278 expugnatio
855 2204 910 2262 illa
926 2203 1113 2277 Thebarum,
1135 2203 1172 2262 de
1189 2225 1252 2282 qua
1267 2205 1388 2281 legimus,

293 2312 323 2361 et
340 2323 359 2361 a
377 2319 437 2379 quo
455 2303 573 2362 tandem
590 2303 672 2363 facta
688 2304 809 2362 omnino
827 2323 892 2364 esse
908 2303 1064 2364 videatur?
1091 2304 1173 2368 Satis
1197 2305 1327 2364 diversae
1350 2304 1388 2360 in-

294 2411 457 2480 terpretum
472 2405 510 2462 de
527 2405 583 2464 hac
596 2405 770 2483 quaestione
783 2405 946 2464 'extiterunt
959 2406 1139 2479 sententiae,
1158 2426 1176 2464 e
1193 2406 1317 2484 quibus,
1333 2423 1389 2463 cum

293 2504 416 2583 longum
434 2505 487 2578 sit,
506 2525 677 2566 enumerare
695 2507 733 2564 ad
750 2525 842 2564 unam
854 2524 974 2580 omnes,
993 2507 1186 2582 gravissimas
1202 2507 1337 2584 deinceps
1351 2524 1389 2562 re·

294 2607 487 2666 censebimus.
515 2607 583 2682 Quo
607 2610 689 2666 lacto
705 2606 770 2666 fieri
798 2625 858 2664 non
882 2625 973 2684 posse
995 2607 1210 2684 intelligemus,
1236 2617 1268 2666 ut
1289 2609 1390 2666 factum
1440 2654 1441 2687 3

295 2709 417 2784 aliquod
443 2709 636 2784 praeteritum
658 2707 766 2784 respici
790 2715 974 2781 statuamus,
998 2708 1069 2767 licet
1090 2709 1181 2785 lopge
1201 2709 1333 2785 plurimis
1354 2708 1391 2766 ita

289 2809 456 2884 placuerit,
479 2809 646 2885 uecprima
662 2810 821 2868 verborum
839 2808 953 2885 speeies
971 2809 1031 2867 tale
1048 2809 1120 2885 quid
1137 2828 1199 2868 non
1216 2811 1336 2869 suadere
1353 2807 1391 2866 vi·
1440 2856 1441 2888 ἒ

295 2909 414 2980 doatnr,
432 2909 492 2965 imo
510 2909 676 2967 futuram
695 2909 844 2986 quandam
862 2910 976 2968 cladem
993 2910 1205 2985 praenuntiari.
1295 2980 1302 2987 R
1434 2977 1435 2992 χ

347 3010 393 3063 Ac
408 3007 536 3085 primum
554 3005 688 3083 quidem,
715 3009 748 3066 si·
766 3010 798 3066 in
815 3010 884 3086 ipsa
901 3011 979 3069 vatis
994 3011 1182 3088 inquiramus
1199 3011 1303 3082 verba,
1326 3027 1391 3066 num

295 3105 427 3181 aliquam
444 3107 634 3179 suppeditent
651 3108 713 3166 eius
731 3110 828 3184 gentis
850 3111 1076 3188 cogitationem,
1103 3112 1142 3169 'ad
1165 3132 1255 3188 quam
1276 3109 1391 3170 victoria

294 3217 325 3262 et
341 3205 524 3280 expugnatio
542 3207 695 3268 referenda
711 3209 767 3282 sit,
786 3211 859 3270 nihil
876 3211 998 3270 omuino
1015 3212 1081 3271 elici
1093 3219 1211 3288 potest3
1230 3214 1286 3272 hoc
1301 3220 1389 3271 tamen

294 3306 444 3367 affirmare
460 3325 516 3382 pro
528 3315 614 3366 certo
632 3309 788 3383 debemus,
813 3313 851 3370 ab
869 3312 1011 3372 universa
1035 3312 1094 3371 loci
1111 3312 1211 3372 indole
1234 3322 1264 3372 et
1286 3312 1390 3370 ratione
1438 3375 1439 3388 χ

292 3408 439 3468 neminem
460 3407 578 3486 longius
603 3412 708 3472 abesse
732 3432 820 3488 quam
852 3412 882 3490 I)
906 3413 990 3488 ipsos
1013 3413 1220 3489 Assyrios3
1257 3415 1289 3472 id
1320 3410 1389 3489 qnod
1438 3397 1439 3408 ¹

293 3509 387 3586 probe
400 3511 553 3586 perspexit
561 3512 692 3572 Ewannr
701 3513 862 3590 sagacitas,
877 3505 906 3572 ct
917 3512 1047 3588 Graan,
1056 3514 1109 3604 qui
1119 3531 1185 3572 cum
1196 3514 1301 3574 antea¹
1312 3515 1389 3587 longe
1437 3569 1439 3600 4

291 3611 378 3670 aliter
394 3611 567 3685 iudicasset,
586 3613 700 3672 serius²
716 3615 842 3690 ingenue
859 3615 1014 3678 concessit.
1038 3614 1149 3674 Nonne
1160 3615 1255 3690 enim,
1274 3613 1387 3674 sialiter

291 3721 386 3785 esset,
411 3713 513 3790 aliqua
536 3715 739 3774 atrocissimae
764 3714 885 3774 talionis
912 3715 994 3773 facta
1016 3714 1128 3774 mentio
1153 3715 1279 3774 fuisset?
1304 3731 1389 3790 neque

290 3823 391 3889 potest
407 3815 584 3888 exprobrari
602 3815 707 3887 nobis,
732 3815 813 3891 quod
836 3832 1023 3890 peromnem
1042 3815 1174 3874 Nahumi
1200 3815 1309 3874 librum
1326 3812 1387 3873 taci-

289 3921 351 3972 tam
375 3920 406 3970 et
428 3911 515 3988 quusi
544 3915 690 3974 occultam
719 3913 942 3974 retributionem
973 3915 1214 3993 indigitavimus3
1246 3937 1282 3976 ea
1310 3916 1387 3983 enim,

291 4013 392 4088 qualia
409 4019 508 4084 erant,
526 4014 693 4075 universam
712 4016 907 4092 Assyriorum
925 4017 1032 4093 agendi
1051 4015 1197 4076 rationem
1214 4019 1387 4082 referebant3

341 4251 366 4312 l)
385 4251 437 4302 Cir.
457 4269 547 4304 comm.
565 4255 592 4305 in
609 4255 660 4306 Ies.
675 4257 706 4319 Ἰ,
726 4257 772 4308 641
795 4271 828 4308 ss.
846 4257 906 4308 vide
924 4259 959 4308 sis
977 4259 1046 4320 infra
1063 4277 1082 4311 s.
1102 4277 1127 4311 n.
1146 4240 1196 4311 lv,

340 4336 367 4396 2)
385 4336 437 4388 Cir.
455 4339 587 4390 Halllscbe
603 4341 837 4407 Literaturzeitung
857 4345 931 4405 1841,
949 4343 1000 4394 No.
1016 4348 1038 4394 1.
